2386 4010
126 186 191 264 336

413 181 555 240 Divina
582 180 798 258 Commodia

245 347 311 409 Ben
332 350 348 408 ὲ
366 347 420 407 che
441 367 527 407 senza
549 345 677 406 termine
698 344 724 406 si
744 345 846 426 doglia

286 436 354 507 Chi,
368 457 424 518 per
441 457 527 496 amor
544 436 576 495 di
592 457 658 496 cosa
674 436 728 496 che
745 456 807 496 non
824 435 894 496 duri

248 525 252 535 '
285 525 521 596 Eoernalmente,
541 525 634 606 quell'
646 545 737 585 ancor
757 524 781 585 si
801 524 926 606 spoglia¹

221 649 226 658 =
246 614 343 692 Quale
360 635 414 696 per
431 615 454 674 li
471 635 555 674 seren
573 614 731 695 tranquilli
748 635 764 674 e
781 614 853 695 puri

286 704 427 766 Discorre
451 706 489 765 ad
512 725 566 764 ora
589 705 627 764 ad
650 725 685 764 or
710 704 811 764 subito
836 705 918 776 foco,

286 795 435 855 Movendo
458 793 500 876 gli
524 793 610 854 occhi
635 794 688 856 che
711 805 813 854 stavan
838 793 940 865 sicuri,

244 882 269 944 E
288 905 362 965 pare
382 884 468 944 stella
489 883 542 944 che
562 882 689 943 tramuti
708 883 786 954 loco,

287 974 326 1034 Se
349 994 412 1034 non
436 973 490 1033 che
514 973 596 1034 dalla
618 983 703 1054 parte
726 973 836 1033 ond’ei
860 973 1021 1034 s’acoende

285 1061 376 1123 Nulla
396 1084 448 1124 sen
468 1064 570 1144 perde,
590 1064 625 1124 ed
646 1084 710 1123 esso
729 1063 805 1123 dura
825 1083 917 1144 poco;

244 1152 328 1223 Tale,
346 1152 397 1212 dal
415 1173 508 1213 oorno
528 1153 583 1213 che
600 1151 633 1213 in
653 1153 752 1213 destro
769 1152 797 1212 ·si
815 1153 928 1223 stende,

283 1241 322 1301 Al
343 1240 393 1323 pi&
413 1242 445 1302 di
466 1241 569 1323 quella
590 1262 675 1303 croco
697 1263 779 1302 corse
800 1264 842 1304 un
862 1253 943 1303 astro

284 1331 373 1392 Della
397 1331 588 1393 costellazion
613 1332 666 1392 che
691 1330 715 1392 li
738 1331 906 1413 risplende;

243 1420 287 1480 Νὲ
308 1420 332 1481 si
353 1425 434 1502 parti
455 1423 484 1482 la
504 1442 625 1503 gemma
646 1421 697 1481 dal
718 1442 774 1481 suo
794 1431 906 1492 nastro,

283 1511 334 1570 Ma
354 1529 409 1592 per
430 1512 460 1571 la
480 1510 549 1571 h'sm
570 1509 666 1571 radia]
687 1520 842 1581 trasoorse,

284 1597 347 1660 Che
366 1619 458 1679 parve
477 1600 548 1660 foco
569 1610 649 1660 retro
669 1600 706 1660 ad
727 1600 885 1660 alabastro.

244 1687 277 1748 Si
299 1689 351 1771 pia
375 1688 514 1749 l'ombra
538 1689 566 1749 d’
577 1688 707 1750 Anchise
730 1689 755 1748 si
779 1710 877 1770 porse,

283 1777 322 1838 Se
341 1778 412 1838 fede
432 1788 529 1839 morta
549 1788 651 1839 nostra
670 1779 808 1860 maggior
828 1780 925 1850 Musa,

286 1866 417 1944 Quando
442 1867 475 1927 in
502 1866 597 1928 Elisio
623 1867 673 1928 del
691 1867 788 1949 ‘figlio
815 1868 975 1930 s’accorse.

244 1957 270 2017 Ο
290 1961 412 2037 sanquis
434 1978 528 2026 meus,
550 1978 568 2017 ο
587 1959 785 2036 superinfuso

284 2047 389 2106 Gratia
404 2047 472 2116 Dei,
489 2050 567 2106 sicut
585 2048 649 2114 tibi,
667 2051 716 2106 cui

282 2137 334 2195 Bis
358 2157 494 2215 unquam
518 2137 595 2196 coeli
617 2138 714 2216 janua
736 2137 878 2196 reclusa?

243 2222 313 2284 Cosi
327 2225 401 2304 quel
416 2225 500 2286 lume
509 2246 517 2294 ;
534 2225 604 2285 ond’
616 2225 646 2284 io
662 2224 704 2284 m’
716 2225 802 2285 attasi
819 2247 836 2285 a
851 2225 907 2286 lui.

283 2313 388 2374 Poscia
406 2313 509 2374 rivolsi
528 2313 587 2374 alla
606 2314 668 2374 mia
686 2315 796 2374 Donna
814 2314 837 2374 il
857 2315 929 2386 viso,

281 2403 306 2463 Ε
328 2403 432 2484 quinci
455 2425 471 2464 e
493 2403 602 2485 quindi
623 2405 791 2484 stupefatto
814 2405 880 2473 fui;

243 2491 305 2553 Ch&
325 2495 434 2553 dentro
455 2492 515 2574 agli
537 2492 622 2553 occhi
642 2493 709 2553 suoi
730 2494 837 2554 ardeva
859 2516 901 2553 un
921 2494 982 2555 riso

282 2582 348 2653 Tal,
369 2582 415 2643 ch'
425 2583 457 2642 io
478 2582 582 2664 pensai
604 2583 648 2643 ω’
659 2583 732 2642 miei
754 2593 851 2643 toocar
872 2583 904 2643 10
925 2585 1023 2644 fondo

282 2671 372 2732 Della
390 2671 452 2732 mia
470 2672 571 2752 grazia
589 2693 605 2732 e
625 2671 673 2732 del
693 2671 756 2731 mio
775 2672 927 2734 paradiso.

242 2760 323 2831 Indi,
344 2762 383 2821 ad
405 2760 493 2821 udire
514 2763 552 2822 ed
573 2783 590 2821 a
613 2762 700 2822 veder
722 2761 880 2842 giocondo,

283 2850 397 2911 Giunse
414 2851 445 2910 lo
462 2850 558 2931 spirto
575 2851 605 2910 al
622 2871 676 2910 suo
691 2851 846 2931 ¹principio
865 2872 930 2912 cose

285 2938 339 2999 Ch’
350 2939 381 3000 io
406 2959 468 2999 non
495 2939 594 3010 intesi,
622 2944 646 3000 si
671 2939 759 3020 parlb
784 2941 956 3022 profondo:

242 3028 286 3089 Νὲ
306 3049 360 3109 per
381 3029 494 3088 elezion
515 3028 560 3088 mi
581 3028 605 3088 si
626 3050 757 3100 nascose,

210 3145 212 3150 ·
282 3118 332 3178 Ma
352 3139 406 3199 per
425 3118 578 3187 necessitfi,
600 3119 653 3179 ch&
672 3119 696 3178 il
715 3139 771 3179 suo
791 3129 925 3180 conoetto

281 3207 320 3266 Al
339 3228 430 3288 segno
450 3207 498 3268 dei
517 3208 630 3267 mortal
648 3207 674 3267 si
693 3230 885 3290 soprappose.

241 3296 266 3357 Ε
291 3297 415 3378 quando
441 3296 542 3358 l'arco
567 3297 639 3358 dell'
650 3297 774 3357 ardente
798 3298 911 3359 affetto

283 3385 329 3446 Fu
348 3390 373 3446 si
392 3387 520 3457 sfocato,
540 3387 594 3448 che
613 3386 636 3446 il
655 3387 757 3468 parlar
777 3387 886 3449 discese

283 3474 372 3535 Inver
393 3476 424 3538 lo
445 3497 536 3557 segne
558 3476 607 3538 del
628 3488 733 3537 nostro
754 3477 918 3545 intelletto;

540 3616 568 3659 V.
583 3616 664 3660 10-45
