2386 4010
161 219 226 278 320

447 198 588 251 Divina
614 197 831 252 Commodia

281 363 350 424 Cosi
371 363 448 424 oom'
471 364 500 423 io
523 364 571 424 del
592 384 648 423 suo
670 362 774 443 reggio
796 362 959 443 risplendo‚

321 452 363 523 Si,
385 454 590 533 riguerdando
613 452 694 513 nella
715 451 782 513 luee
804 463 916 520 eterna,

324 542 360 601 Li
379 543 442 604 tuoi
459 543 596 624 pensiori,
615 544 692 603 onde
709 542 835 624 regioni,
853 542 1016 622 apprendo.
1077 549 1080 558 ¹

280 632 327 692 Tu
343 631 447 701 dubbi,
464 633 501 693 ed
517 632 567 692 hai
585 634 667 692 voler
683 633 737 692 che
754 631 777 693 si
794 630 931 692 discerne

322 723 358 781 In
375 726 398 782 si
415 733 550 802 apertae
567 721 598 781 in
616 727 641 781 31
657 722 764 782 distesa
780 720 885 802 lingua

320 810 365 871 Lo
383 811 464 872 dicer
482 811 555 881 mio,
574 812 620 872 oh’
641 812 670 872 31
689 822 742 871 tuo
761 810 853 871 sentir
871 810 896 870 si
913 820 1022 880 sterne,

280 901 342 961 Ove
358 900 480 961 dinanzi
497 901 584 961 dissi:
605 902 641 962 U'
653 903 709 961 ben
726 901 749 961 ε’
761 903 928 980 impingua,

319 991 344 1050 E
361 991 390 1050 ld
408 991 438 1050 u’
450 991 538 1052 dissi:
556 991 623 1050 Non
641 1013 725 1051 surse
743 992 767 1050 il
783 991 928 1058 secondo;

319 1081 416 1160 Equi
435 1083 451 1140 ὲ
469 1101 550 1160 uopo
569 1081 623 1142 che
642 1081 700 1140 ben
720 1081 743 1140 si
762 1079 925 1161 distingue.

279 1168 323 1229 La
339 1168 548 1250 provvidenza,
565 1171 617 1231 ohe
634 1191 762 1251 governe
777 1169 800 1229 il
817 1169 932 1230 mondo

320 1258 385 1319 Con
400 1260 473 1340 quel
489 1259 634 1340 oonsiglio
651 1260 700 1319 nel
717 1259 806 1340 quale
822 1259 894 1339 ogni
911 1268 1027 1340 espetto

320 1347 430 1409 Creato
446 1352 461 1409 ὲ
477 1349 560 1409 vinto
577 1349 642 1430 pria
658 1351 711 1410 ohe
728 1350 802 1410 vade
819 1350 846 1409 31
863 1349 971 1419 fonde,

279 1438 430 1500 Peroeohe
446 1440 569 1499 andasse
586 1460 636 1498 ver
652 1440 682 1498 lo
698 1459 753 1498 suo
769 1439 876 1499 diletto

319 1526 363 1588 La
382 1549 468 1608 sposa
487 1528 518 1588 di
537 1528 629 1597 colui,
648 1529 742 1588 ch'ad
762 1528 822 1588 alte
841 1527 927 1608 grida

319 1616 449 1698 Disposd
467 1618 506 1678 lei
526 1618 571 1678 ool
591 1639 703 1698 sangue
721 1619 891 1688 benedetto,

280 1707 316 1766 In
332 1710 362 1766 se
377 1707 476 1767 sicura
494 1708 529 1767 ed
545 1728 622 1768 anco
638 1728 654 1766 3
670 1707 714 1767 lui
730 1707 785 1788 pir‘r
800 1707 878 1777 fide,

319 1798 388 1857 Due
406 1796 541 1877 Principi
560 1797 669 1858 ordino
687 1796 718 1857 in
738 1818 792 1857 suo
811 1798 927 1868 favore,

320 1885 382 1947 Che
400 1885 505 1967 quinci
523 1907 539 1946 e
559 1886 667 1967 quindi
686 1888 713 1946 13
732 1887 830 1947 fosser
849 1908 903 1969 per
920 1887 1023 1968 guida.

279 1974 313 2034 L’
325 1998 367 2036 un
382 1977 420 2036 fu
436 1986 515 2036 13113
531 1975 660 2037 serafico
675 1976 707 2036 in
724 1978 840 2048 ardore,

318 2064 353 2124 L'
365 2067 444 2125 altro
459 2088 513 2145 per
528 2065 665 2146 sapienza
680 2065 712 2126 in
728 2075 808 2127 terre
823 2066 879 2127 fue

324 2154 364 2213 Di
387 2155 542 2216 cherubica
565 2155 630 2216 luce
653 2178 715 2216 uno
737 2157 906 2236 splendore.

278 2243 359 2304 Dell'
371 2266 413 2304 un
431 2245 508 2314 diro,
525 2245 671 2326 perocohe
689 2245 718 2305 d'
729 2247 819 2306 ambo
836 2267 852 2305 e
870 2247 928 2306 due

320 2333 352 2395 Si
367 2334 432 2394 dico
447 2334 467 2393 l’
479 2357 521 2393 un
538 2335 714 2415 pregiando,
730 2336 802 2414 qual
818 2335 864 2396 eh'
876 2357 949 2396 uom
965 2336 1089 2417 prende,

318 2424 432 2484 Perchd
450 2425 488 2484 ad
507 2447 548 2484 un
568 2424 634 2484 fine
654 2425 707 2484 fur
725 2424 745 2483 l’
758 2421 847 2505 opere
865 2446 927 2487 sue.

279 2513 363 2573 Intra
382 2512 515 2593 Tupino,
535 2536 550 2574 e
570 2514 590 2572 l’
602 2514 768 2593 acqua'che
788 2514 925 2575 discendo

318 2603 376 2663 Del
391 2601 467 2662 colle
482 2603 571 2663 313113
586 2603 634 2663 (131
651 2604 736 2664 beato
751 2604 881 2674 Ubaldo,

319 2691 431 2752 Fertile
447 2703 527 2753 33313
544 2693 573 2752 d’
585 2694 645 2752 alto
663 2703 766 2753 monte
782 2695 889 2774 pende,

214 2798 217 2804 ·
279 2781 365 2842 Onde
382 2782 510 2862 Perugia
529 2792 610 2842 sente
627 2783 738 2843 freddo
755 2804 770 2843 e
787 2784 873 2843 oeldo

318 2872 365 2931 Da
379 2881 466 2952 porta
481 2871 560 2940 Sole,
574 2892 590 2931 e
604 2871 718 2932 diretro
732 2873 760 2932 le
774 2872 882 2953 piange

318 2961 377 3021 Per
397 2982 485 3042 greve
506 2961 596 3042 giogo
619 2961 730 3022 Nocere
752 2983 808 3022 oon
831 2961 959 3023 Gualdo.

278 3049 318 3112 Di
333 3061 438 3130 queste
456 3061 546 3120 33313,
563 3051 592 3111 le
609 3051 675 3111 dov'
691 3051 749 3111 3113
766 3052 875 3131 frange

318 3139 376 3200 Pie
394 3162 446 3200 sua
465 3150 602 3210 rattezza,
620 3162 735 3222 necque
753 3142 781 3200 31
799 3142 914 3202 mondo
931 3165 976 3210 un
992 3142 1064 3213 sole,

319 3228 413 3290 Come
430 3231 464 3290 fa
482 3241 588 3310 questo
607 3231 646 3290 131
666 3231 745 3289 volta
764 3230 795 3291 di
814 3229 926 3312 Gange.

277 3318 356 3379 Pero
376 3319 423 3380 chi
446 3320 475 3380 d’
485 3341 550 3380 esso
572 3320 638 3380 looo
658 3321 692 3380 fo
714 3321 818 3400 parole

318 3408 384 3467 Non
404 3408 469 3469 dica
488 3409 599 3477 1133331,
618 3409 671 3469 ohe
690 3409 811 3470 direbbe
830 3420 923 3480 corbo,

317 3496 367 3556 Ma
384 3497 517 3569 0313313,
534 3521 564 3559 33
581 3498 705 3579 proprio
723 3499 771 3559 dir
787 3500 885 3560 vuole.

574 3640 603 3682 V.
618 3638 698 3682 19-54
743 3665 745 3672 ›
