2386 4010
254 216 440 270 Paradiso
462 216 581 271 Canto
603 176 771 271 ieooudo
930 221 990 296 283

155 383 293 444 Beatrico
310 383 344 443 in
362 404 442 454 suso,
461 385 497 444 ed
515 383 544 444 io
562 383 595 443 in
614 383 653 443 lei
672 383 839 464 guardava3

196 473 221 532 Ε
238 475 319 533 forse
335 473 366 532 in
385 484 476 543 tanto,
492 473 525 533 in
542 484 655 554 quanto
672 496 714 533 un
730 473 856 555 quadrel
873 493 953 554 posa,

195 562 219 622 E
238 565 315 633 vola,
333 584 350 622 e
368 563 449 624 dalla
467 584 540 624 noce
557 563 582 623 si
599 561 762 634 disohiava‚

153 650 272 712 Giunto
289 652 333 712 mi
350 651 411 712 vidi
426 674 480 712 ove
498 652 620 712 mirahil
638 673 705 713 cosa

195 741 239 802 Mi
262 752 340 802 torsa
362 741 385 801 il
406 742 468 803 viso
488 765 505 802 a
523 747 570 812 sifi
589 763 605 802 e
624 747 698 823 pero
720 741 831 823 quella,

197 830 253 890 Cui
273 852 335 891 non
352 842 441 912 potea
458 832 521 892 mia
539 853 614 913 opra
631 853 726 892 essere
745 852 856 902 ascosa,

154 922 247 980 Volta
265 942 316 981 ver
334 943 384 980 me
403 926 428 981 si
446 921 519 982 lieta
539 943 623 981 come
643 921 737 981 bella:

197 1009 305 1070 Drizza
322 1011 352 1070 la
370 1020 471 1071 mento
488 1011 521 1070 in
539 1010 599 1070 Dio
617 1022 712 1092 graia,
730 1011 774 1070 mi
792 1009 880 1080 disse,

196 1098 260 1159 Che
278 1100 308 1159 n’
319 1101 359 1160 ha
378 1100 537 1181 congiunti
557 1121 612 1161 con
632 1102 661 1160 la
680 1100 780 1182 prima
800 1099 894 1186 stella

154 1189 268 1251 Pareva
286 1213 304 1250 a
321 1212 369 1251 me
388 1191 442 1250 che
459 1191 540 1251 nube
557 1212 596 1250 ne
613 1192 743 1272 ooprisae

196 1279 321 1350 Lucida,
343 1301 452 1361 spessa,
474 1280 571 1340 solida
591 1301 605 1340 e
624 1278 729 1361 polita,

196 1369 287 1446 Quasi
308 1371 467 1430 adamante
488 1369 593 1430 chalo
613 1370 658 1429 sol
678 1369 794 1430 serisso.

155 1459 212 1518 Per
229 1469 317 1534 antro
333 1463 363 1520 εὲ
380 1459 400 1518 Γ
411 1469 515 1520 eterna
531 1459 698 1540 margarita

193 1549 235 1608 Ne
257 1559 410 1619 recevette,
431 1550 508 1610 com’
520 1571 613 1631 acqua
634 1571 737 1630 recepe

195 1638 312 1719 Raggio
330 1639 361 1700 di
380 1639 458 1710 luoe,
476 1640 683 1720 permanendo
702 1636 797 1698 unita.

156 1726 297 1788 S'ioera
316 1748 419 1808 corpo,
438 1749 453 1787 e
472 1729 606 1809 quinon
626 1727 650 1787 si
668 1747 797 1808 oonoepe

196 1816 281 1876 Com'
293 1838 355 1877 una
374 1817 546 1877 dimension
566 1819 643 1878 altra
663 1815 756 1897 patio,

196 1906 341 1966 Ch’ossor
364 1906 491 1967 convien
513 1928 544 1966 se
565 1926 657 1986 oorpo
679 1905 712 1964 in
734 1925 827 1986 corpo
850 1925 931 1984 repe,

154 1995 308 2056 Acoender
325 2017 365 2056 no
383 1995 490 2055 dovria
507 1995 562 2076 piri
580 1994 603 2054 il
623 1994 699 2055 disio

195 2085 236 2145 Di
254 2086 344 2145 vader
363 2085 467 2166 quella
486 2105 614 2156 essonza,
633 2084 666 2144 in
687 2085 741 2145 cho
761 2082 785 2144 si
805 2085 876 2144 vade

196 2173 288 2234 Coma
304 2185 406 2234 nostra
419 2184 527 2235 natura
543 2195 561 2234 o
574 2175 634 2234 Dio
649 2173 671 2233 s’
682 2173 765 2234 unio.

154 2263 191 2322 Li
212 2264 235 2324 si
258 2265 348 2325 vedra
370 2263 417 2325 cio
437 2264 491 2325 che
513 2274 614 2325 renem
636 2285 690 2344 per
712 2264 793 2334 fode,

195 2353 263 2413 Non
283 2354 473 2424 dimostrato,
492 2375 543 2414 ma
563 2353 608 2414 fia
627 2374 682 2434 per
701 2356 731 2413 si
751 2362 837 2424 noto,

194 2442 221 2502 A
239 2443 325 2524 guiso
344 2444 393 2503 del
410 2465 461 2504 ver
479 2443 582 2524 primo
601 2442 656 2502 ohe
675 2443 695 2502 l’
708 2463 782 2502 uom
800 2443 895 2503 crede.

154 2533 190 2592 Io
211 2533 337 2613 risposi:
360 2533 524 2604 Modonna,
545 2537 570 2592 si
592 2533 710 2603 devoto,
1006 2525 1009 2535 '

194 2622 367 2683 Com'osser
386 2644 476 2703 posso
495 2623 561 2703 pio,
579 2621 730 2702 ringrazio
750 2621 795 2681 lui

194 2711 240 2770 Lo
259 2712 332 2792 qual
352 2713 403 2772 dal
423 2711 536 2772 morta]
556 2713 671 2772 mondo
691 2711 784 2772 m'ha
805 2721 931 2772 remoto.

154 2800 204 2860 Ma
221 2800 340 2872 ditami‚
359 2801 413 2862 cho
431 2822 486 2862 son
504 2799 527 2862 li
543 2800 630 2886 regni
648 2800 702 2861 bui

194 2889 235 2950 Di
252 2900 358 2971 questo
377 2912 479 2973 corpo,
496 2890 551 2951 cho
562 2889 708 2972 ¹laggiuso
724 2889 757 2949 in
777 2901 857 2951 berra

196 2979 260 3039 Fan
283 2979 314 3040 di
340 2980 416 3040 Cain
440 2979 644 3061 favolaggiare
668 2979 787 3040 altruii)

155 3068 224 3128 Ella
249 3069 359 3129 sorriso
386 3070 541 3151 alquanto,
560 3090 577 3129 o
595 3069 664 3151 poi:
693 3067 795 3150 s’ogli
820 3090 887 3129 erra

194 3158 229 3217 L'
239 3157 380 3239 opinion,
393 3158 438 3218 mi
453 3159 541 3230 disse,
554 3159 603 3219 dei
617 3157 751 3230 mortali,

194 3249 278 3308 Dove
298 3247 400 3308 chiave
419 3248 451 3308 di
470 3269 556 3309 senso
576 3268 638 3308 non
658 3248 796 3319 dissona,

156 3337 256 3408 Certo,
275 3357 338 3397 non
357 3336 379 3396 ti
400 3337 524 3398 dovrion
543 3359 662 3419 pungor
681 3336 724 3418 gli
743 3337 828 3398 strali

194 3427 231 3487 D’
244 3425 462 3488 ammirazione
480 3425 578 3496 omai;
597 3427 750 3508 poiretro
767 3426 797 3486 ai
817 3422 894 3484 sensi

193 3516 270 3582 vadi
291 3517 345 3578 aha
364 3518 394 3578 la
411 3516 538 3598 ragione
555 3517 596 3577 ha
615 3526 696 3577 oorte
714 3515 735 3576 l’
747 3512 796 3575 aii.

448 3658 476 3702 v.
491 3657 572 3702 22-57
