2326 4004
379 201 411 253 Il
440 200 680 255 Canzoniere
945 213 1008 273 435

211 359 236 418 E
253 358 275 419 s’
288 357 345 418 ella
363 379 418 439 per
435 369 487 419 tuo
504 379 596 439 prego
614 357 656 440 gli
674 359 817 438 perdona,

213 447 256 508 Fa
272 447 326 508 che
343 447 385 528 gli
402 447 535 508 annunzi
552 447 585 507 in
602 447 650 507 bel
667 448 830 508 sembiante
847 468 929 528 pace.

213 536 314 596 Gentil
330 535 442 596 bullata
458 534 531 605 mizi,
546 538 670 617 quando
687 536 709 595 ti
724 537 819 621 piace,

211 625 314 686 Muovi
334 626 366 685 in
386 625 457 706 quel
476 635 573 707 punto
592 625 646 686 che
666 635 699 686 tu
717 626 748 684 n'
760 626 828 707 aggi
848 647 949 687 onore.

468 727 504 782 [v.
520 729 551 772 N.
565 728 598 782 12]
930 731 933 738 ·

519 838 541 888 *

402 975 658 1037 SONETTO

142 1147 144 1154 ,
179 1084 462 1172 CAVALCANDO
480 1109 578 1191 l’valtr’
589 1109 633 1169 ier
651 1131 704 1191 per
721 1132 764 1170 un
782 1109 943 1182 cammino,
955 1115 1008 1168 520

211 1201 341 1260 Pensoso
360 1199 432 1260 dell*
442 1199 536 1259 undar
555 1199 608 1259 che
625 1199 669 1259 mi
688 1199 815 1280 sgradia,

212 1289 321 1348 vaai
344 1288 439 1348 Amor
463 1288 495 1347 in
518 1309 620 1348 mezzo
643 1288 722 1348 della
745 1289 801 1359 via,

211 1379 248 1438 In
268 1377 350 1438 abito
368 1377 481 1459 leggier
497 1376 530 1437 di
549 1377 718 1459 peregrino.

172 1467 257 1527 Nessa
278 1464 453 1529 sembianza'
467 1466 511 1526 mi
530 1487 621 1547 parea
641 1465 796 1528 meschino

213 1556 305 1616 Come
328 1577 425 1616 avesse
448 1556 577 1637 perduto
599 1556 747 1638 signoria:

211 1645 235 1706 Ε
255 1645 433 1727 sospirando
453 1665 581 1726 pensoso
600 1645 695 1715 venia,

210 1735 269 1794 Per
287 1755 350 1794 non
370 1735 457 1794 veder
476 1732 506 1794 la
525 1744 621 1814 gente,
641 1755 659 1794 a
678 1754 751 1814 capo
771 1734 871 1796 chino.

172 1823 301 1902 Quando
315 1823 359 1884 mi
375 1823 450 1894 vide,
464 1822 509 1883 mi
523 1823 642 1884 chiam&
655 1844 709 1904 per
722 1844 824 1894 nome,

210 1914 235 1973 E
253 1912 346 1973 disse:
366 1913 400 1972 Io
418 1933 512 1994 vegno
530 1911 562 1972 di
579 1912 704 1973 lontana
721 1924 816 1993 parte,

211 2002 264 2063 Ov'
276 2023 325 2062 era
345 2003 377 2062 lo
397 2011 449 2062 tuo
470 2022 520 2062 cor
541 2022 594 2083 per
614 2002 677 2062 mio
698 2001 813 2071 volere;
927 2069 929 2081 Ι
954 2005 1008 2060 530

171 2093 196 2152 Ε
223 2091 322 2152 recolo
350 2089 478 2152 aservir
504 2111 605 2152 nuovo
631 2090 758 2172 piacere.

210 2181 316 2241 Aflora
334 2179 413 2262 presi
432 2179 464 2240 di
480 2179 527 2240 lui
546 2184 572 2240 si
587 2201 662 2261 gran
680 2190 775 2261 parte,

213 2269 266 2330 Ch'
278 2269 338 2350 egli
363 2269 510 2350 disparve,
529 2289 545 2328 e
570 2290 639 2353 nony
658 2269 824 2330 m’accorsi
850 2290 944 2332 come.

473 2372 509 2426 [v.
525 2372 554 2416 N.
570 2371 590 2425 9]

513 2481 541 2531 .ss

401 2626 657 2698 SONETTO

178 2735 265 2823 CHI
280 2762 427 2843 guarder&
443 2759 587 2841 giammai
604 2781 689 2821 senza
703 2781 800 2841 paura

212 2850 298 2932 Negli
316 2850 401 2911 occhi
420 2850 449 2910 d'
460 2859 522 2910 esta
540 2849 619 2910 bella
637 2849 815 2930 pargoletta,

212 2939 275 3000 Che
300 2939 460 3017 m'hanno¹
480 2939 587 3000 concio
611 2943 646 3008 si,
670 2939 724 3000 che
748 2959 811 3000 non
835 2939 983 3020 s’aspetta

211 3029 270 3090 Per
287 3049 336 3089 me
354 3049 383 3088 se
400 3048 463 3089 non
480 3027 510 3088 la
526 3038 635 3097 morte,
654 3027 707 3088 che
723 3028 794 3089 m'&
811 3027 913 3088 dura?

169 3119 283 3180 Vedete
301 3127 417 3199 quanto
436 3121 452 3178 ὲ
471 3118 553 3178 forte
571 3117 635 3177 mia
653 3126 788 3186 ventura,

212 3206 274 3267 Che
291 3207 329 3267 fu
346 3217 392 3267 tra
407 3207 428 3266 l'
440 3206 516 3266 altre
530 3205 562 3266 la
575 3205 639 3268 mia
656 3205 716 3266 vita
731 3205 820 3266 eletta

210 3297 268 3357 Per
288 3297 358 3357 dare
378 3295 510 3376 esempio
530 3295 632 3364 astrui,
652 3293 782 3355 ch’uom
802 3315 864 3355 non
885 3294 911 3354 si

719 3393 814 3444 metta
956 3389 1009 3448 540

211 3475 238 3534 Α
259 3473 369 3535 rischio
389 3474 421 3534 di
440 3474 536 3534 mirar
555 3473 585 3533 la
604 3493 659 3534 sua
677 3473 791 3553 figura.

385 3614 414 3656 V.
428 3613 517 3664 4144,
532 3613 606 3663 1-14,
622 3611 676 3654 1—8
