2372 4030
333 210 494 263 Inferna
524 209 642 263 Canto
671 209 787 284 Terzo

202 375 422 435 Incontanente
437 375 539 444 ,intesi
558 397 574 434 e
588 386 670 435 certo
690 376 750 446 fui,

242 464 303 524 Che
321 464 416 545 quest'
436 486 486 524 era
504 465 533 524 la
552 473 627 525 setta
644 465 691 525 dei
709 465 824 536 cattivi‚

241 555 267 612 Α
285 553 343 613 Dio
362 553 508 634 spiaeenti
528 555 564 614 ed
582 554 610 614 ai
629 555 739 615 nemici
757 554 814 614 sui.

201 643 306 720 Questi
324 642 477 712 scieurati,
495 643 548 704 che
567 643 629 704 mei
647 666 709 704 non
728 645 782 704 fur
800 645 869 714 vivi,

242 732 341 793 Erano
364 732 470 814 ignudi
493 753 508 792 e
530 732 680 793 stimulati
702 734 798 793 molto

241 821 286 882 Da
303 821 440 882 mosconi
457 843 474 882 e
488 823 525 884 de
542 844 629 904 vespe
646 822 692 882 ch’
711 845 803 883 erano
820 823 870 882 ivi.

202 910 266 970 Elle
282 910 403 992 rigaven
419 911 466 971 lor
483 911 513 971 di
529 933 641 992 sangue
656 911 679 970 il
694 912 786 981 volt0,

241 999 312 1069 Che,
332 999 492 1061 mischiato
511 1000 542 1061 di
562 1001 700 1082 lagrime,
718 1001 747 1060 ai
766 1003 812 1061 lor
831 1001 923 1082 Piedi,

240 1090 285 1148 Da
303 1089 455 1149 festidiosi
472 1090 568 1150 vermi
587 1112 637 1151 era
654 1091 774 1151 ricolto.

200 1178 224 1237 E
243 1177 295 1258 poi
315 1178 368 1238 che
389 1178 595 1259 ariguardere
615 1175 693 1238 olere
712 1179 755 1239 mi
774 1179 865 1250 diedi,

239 1266 310 1327 Vidi
330 1278 417 1348 gente
438 1267 496 1328 alla
518 1268 581 1328 rive
601 1269 630 1328 d'
645 1292 688 1329 un
709 1291 782 1350 gran
803 1269 918 1330 iiume:

238 1354 344 1417 Perch'
364 1357 393 1416 io
409 1357 499 1417 dissi:
520 1358 659 1427 Maestro,
678 1380 712 1418 or
731 1358 773 1418 mi
791 1359 923 1429 concedi,

201 1445 253 1505 Ch’
271 1446 299 1505 io
315 1446 421 1527 sappia
437 1445 521 1527 quali
536 1468 621 1517 sone,
637 1469 651 1507 e
666 1447 738 1529 qual
754 1458 890 1509 costume

238 1535 279 1595 Le
295 1536 330 1595 fa
346 1536 379 1595 di
398 1546 547 1617 trapessar
565 1558 652 1617 parer
670 1541 694 1597 si
712 1530 847 1616 pionte,¹

239 1621 325 1684 Com*
345 1625 373 1684 io
390 1625 530 1686 discerno
549 1648 602 1707 per
620 1626 651 1686 lo
670 1627 753 1686 fioeo
771 1626 864 1687 lume.

198 1713 244 1772 Ed
262 1713 320 1794 egli
338 1735 434 1774 eme:
456 1714 496 1774 Le
516 1715 583 1774 cose
603 1715 626 1774 ti
645 1716 710 1775 fien
730 1725 827 1783 conte,

237 1802 365 1879 Quando
381 1802 433 1862 noi
450 1804 615 1863 fermerem
632 1804 654 1862 li
671 1803 768 1864 nostri
785 1805 863 1884 passi

238 1891 323 1951 Sulla
344 1891 429 1950 trista
450 1891 558 1952 rivieru
579 1892 607 1950 d’
622 1892 802 1953 Acheronte.

198 1980 284 2039 Allor
304 1971 361 2040 c01i
381 1979 422 2060 gli
443 1979 527 2041 occhi
546 1981 723 2064 vergognesi
742 1982 859 2048 ebassi.

239 2070 392 2130 Temendo
416 2069 486 2130 no’l
509 2071 572 2131 mio
595 2072 642 2132 dir
664 2070 707 2152 gli
729 2073 814 2132 fusse
835 2094 934 2153 grave,

237 2158 344 2218 Infino
366 2159 394 2218 a]
418 2158 516 2219 fiume
539 2159 569 2218 di
590 2160 692 2241 parler
713 2161 757 2219 mi
779 2161 876 2220 tressi.

197 2247 242 2307 Ed
259 2268 328 2308 ecco
345 2269 430 2308 verso
448 2248 501 2308 noi
518 2248 602 2308 venir
620 2271 674 2330 per
691 2271 764 2309 nave

237 2337 286 2396 Un
307 2337 427 2397 vecchio
448 2337 555 2397 bianco
577 2360 630 2419 per
651 2338 752 2401 antico
774 2340 853 2418 pe10,

236 2425 407 2486 Gridando:
429 2426 507 2486 Guei
528 2427 607 2486 evoi
628 2429 728 2487 anime
749 2421 855 2508 preve:

197 2514 264 2574 Non
282 2513 410 2596 isperate
428 2515 490 2575 mai
509 2516 596 2576 veder
613 2516 647 2576 lo
664 2516 755 2590 ciclo!

183 2599 191 2612 ⁸
237 2604 260 2662 1’
279 2625 373 2685 vegno
393 2627 446 2685 per
465 2605 601 2666 menervi
619 2605 767 2666 ali-altra
785 2607 858 2676 riva,

231 2689 320 2753 ‘Nelle
338 2694 459 2754 tenebre
477 2703 588 2764 eterne,
607 2695 639 2754 in
658 2695 745 2755 caldo
763 2718 778 2755 e
793 2696 825 2755 in
843 2695 919 2776 gelo.

197 2781 221 2840 E
242 2791 275 2840 tu
298 2781 351 2842 che
371 2783 410 2842 se’
432 2786 516 2852 costi,
536 2783 637 2844 anima
657 2785 732 2854 vivas,

236 2871 344 2931 Partiti
364 2872 401 2931 da
421 2871 527 2932 cotesti
547 2874 601 2933 che
620 2894 675 2932 son
694 2873 798 2933 morti.

237 2958 285 3020 Ma
302 2960 353 3040 poi
372 2959 417 3021 ch’
437 2961 464 3021 ei
481 2961 557 3031 vide,
575 2962 621 3022 ch’
638 2962 669 3022 io
686 2984 748 3022 non
765 2962 808 3021 mi
825 2961 953 3041 partiva,
988 2986 991 2991 ¹

197 3047 297 3108 Disce:
317 3050 374 3110 Per
395 3050 472 3110 altra
492 3050 550 3120 via,
570 3073 624 3132 per
644 3051 715 3111 altri
734 3051 815 3132 porti

236 3137 342 3197 Verrai
365 3139 524 3221 apiaggia‚
547 3161 610 3200 non
633 3141 697 3221 qui,
721 3162 774 3220 per
797 3160 932 3223 passere:

236 3225 293 3287 Pie
312 3226 386 3287 lieve
406 3229 494 3308 legno
517 3229 717 3290 convien‘che
739 3229 762 3288 ti
781 3227 872 3308 porti.

196 3315 220 3373 E
236 3314 257 3373 il
277 3316 353 3376 duca
372 3317 464 3376 alui:
485 3317 584 3377 Ceron
604 3339 666 3378 non
687 3317 710 3377 ti
728 3317 893 3378 crucciare:

235 3404 342 3464 Vuolsi
359 3409 421 3466 cosi
437 3406 512 3476 colei,
530 3408 603 3467 dove
621 3408 644 3466 si
661 3418 754 3488 puote

236 3492 291 3554 Gi&
310 3493 362 3554 che
380 3495 407 3554 si
425 3496 523 3566 vuele,
542 3495 627 3577 epie
644 3517 707 3556 non
725 3492 911 3554 dimendare.
973 3552 976 3556 .

499 3635 526 3678 V.
542 3635 623 3678 61-96
