2378 4008
179 182 368 235 Paradiso
390 183 510 237 Canto
532 185 887 238 Trentesimoterzo
947 209 1008 260 41¹

172 349 199 408 E
219 349 405 410 drinetemo
423 349 468 430 gli
485 349 571 410 oeebi
589 350 620 410 el
638 351 741 432 primo
758 373 873 422 emole,

215 439 250 498 Si
261 439 327 508 ehe,
339 441 518 520 gaudendo
531 461 615 500 vem
627 440 684 510 lui,
697 442 826 522 penetri,

215 528 356 604 Quant’e
376 529 511 610 posibil,
533 551 589 610 per
608 529 640 590 lo
660 552 717 590 suo
736 531 870 612 fulgore.

171 619 357 677 veramente
373 619 426 697 (ne
440 620 524 679 forse
538 629 573 679 tu
588 619 610 678 t’
620 620 729 679 arretri

214 707 364 768 Movendo
381 707 456 768 l’eli
475 719 536 778 tue,
553 710 704 769 medendo
720 709 854 790 oltrerti)

214 797 349 867 orendo,
365 798 465 878 grazia
480 798 607 858 eonvien
622 799 677 858 che
692 799 715 858 s'
724 799 860 880 impetri,

171 886 284 946 Gratia
298 888 338 946 da
353 887 457 968 quella
472 888 526 947 che
542 892 608 968 pue
622 888 762 958 aium&

212 977 290 1036 Etu
306 977 452 1058 misegui
469 977 739 1047 eonl’efiezione,

214 1066 249 1125 Si
261 1066 317 1126 ehe
331 1067 383 1126 dal
397 1067 480 1126 dioer
494 1067 560 1127 mio
573 1067 606 1127 lo
619 1089 672 1128 eor
685 1089 749 1128 non
763 1067 860 1149 perti:

171 1156 197 1214 E
211 1155 364 1217 comincit')
376 1167 482 1237 queste
496 1166 581 1216 sante
593 1157 744 1219 orezione.

520 1351 542 1398 *

101 1546 308 1607 CAN‘I'O
341 1546 959 1609 TRENTESIMOTERZO

172 1689 323 1770 „vergine
340 1691 456 1760 madee
472 1689 564 1771 figlia
579 1691 628 1750 del
645 1701 700 1750 tuo
716 1691 817 1772 siguo,
918 1715 923 1728 ·

211 1779 315 1853 Umile
333 1781 370 1838 ed
388 1779 450 1838 elta
466 1779 522 1860 pie
538 1780 592 1840 che
610 1790 757 1850 creature,

211 1869 354 1928 Termine
376 1868 449 1929 fisso
471 1870 500 1928 d'
512 1880 616 1930 eterno
639 1870 795 1951 eonsiglio‚

170 1959 219 2018 Tu
236 1958 275 2018 se'
287 1957 363 2018 eolei
380 1959 434 2018 ehe
450 1957 471 2016 l·
481 1980 597 2019 umana
612 1969 722 2020 nature

212 2047 385 2108 Nobilitasti
402 2052 437 2118 si,
455 2048 509 2109 che
525 2049 549 2107 il
566 2070 622 2109 suo
638 2049 662 2108 F
662 2059 760 2109 attere

211 2138 279 2197 Non
294 2137 438 2218 disdegnc)
452 2137 483 2198 di
496 2138 574 2198 farsi
588 2160 643 2198 sua
655 2140 783 2198 fettum.

171 2227 228 2286 Nel
248 2237 350 2286 ventre
371 2237 425 2309 ¹tue
445 2227 470 2287 si
490 2249 605 2289 reccese
625 2227 770 2297 l'emore,

211 2316 269 2376 Per
284 2315 317 2376 lo
334 2317 384 2376 eui
400 2316 487 2376 caldo
503 2317 575 2377 nell’
587 2329 689 2378 eterna
706 2336 779 2398 pace
883 2381 885 2386 ,

211 2404 281 2464 Gosi
302 2409 319 2465 ὸ
339 2406 511 2486 germinate
530 2417 637 2488 questo
657 2406 750 2466 fiere.

170 2493 232 2570 Qui
251 2494 293 2554 sei
313 2516 330 2555 a
348 2495 401 2555 noi
419 2495 588 2556 meridiana
605 2495 674 2556 face

210 2583 250 2644 Di
267 2584 400 2654 caritate,
416 2605 432 2644 e
447 2585 544 2666 gimo,
560 2585 643 2645 intra
657 2584 668 2643 i
684 2580 824 2653 mortali,

212 2673 261 2733 Sei
285 2673 316 2734 di
340 2695 483 2755 speranza
504 2675 635 2735 fontana
657 2672 769 2733 vivaee.

170 2763 290 2832 Donna,
312 2764 354 2822 sei
376 2774 458 2824 tento
480 2764 592 2845 grande
613 2785 631 2823 e
653 2771 741 2822 tanto
764 2757 836 2828 veli,

211 2851 273 2912 Che
287 2853 361 2934 qua]
376 2853 448 2915 vuol
461 2853 571 2934 grazia,
587 2853 625 2912 ed
639 2872 658 2911 a
673 2861 703 2911 ee
717 2870 782 2908 non
797 2846 921 2913 ricem,

210 2941 273 3002 Sua
288 2941 421 3003 disianza
436 2942 508 3004 vuol
524 2943 608 3003 volae
624 2939 706 3002 senz'
718 2937 771 2998 ali.

169 3031 213 3090 La
232 3042 285 3091 tua
303 3032 459 3113 benignit&
476 3054 540 3093 non
559 3053 621 3114 pur
640 3045 781 3090 soccorre

209 3121 236 3180 A
254 3120 300 3180 chi
320 3122 481 3192 domanda,
500 3143 552 3181 ma
568 3118 668 3180 molto
686 3116 766 3175 fiete

209 3209 420 3272 Liberamenhe
437 3211 466 3270 a]
483 3208 657 3294 demendae
674 3220 827 3286 precorre.

168 3300 206 3359 In
224 3309 253 3359 te
270 3299 487 3371 miserioordia,
504 3299 536 3360 in
554 3309 584 3359 te
600 3297 729 3377 pietate,

208 3389 246 3449 In
262 3399 291 3450 te
305 3389 538 3472 magnificenze,
553 3387 588 3446 in
604 3395 635 3444 te
651 3382 674 3442 s'
687 3381 791 3441 adune

208 3478 417 3562 Quffll'unque
434 3479 469 3540 in
486 3487 627 3539 creatura
646 3475 663 3532 ὲ
681 3469 715 3530 di
733 3468 864 3527 bontete.

404 3619 433 3662 V.
448 3615 565 3666 142-151,
581 3611 652 3657 1-21
