2356 4010
115 263 117 268 .
152 193 215 268 236

439 188 580 240 Divina
607 188 824 245 Commodia

269 355 315 415 Ed
334 355 364 415 io
381 378 398 414 a
416 355 476 414 lui:
497 355 530 414 Io
549 354 592 415 mi
610 377 665 415 son
683 378 726 415 un
744 356 806 425 che,
825 356 946 436 quando

310 446 405 503 Amor
425 444 469 505 mi
489 444 578 525 spira,
598 455 681 513 noto,
702 445 738 504 ed
757 466 774 504 a
795 444 865 525 quel
884 445 976 504 modo

310 534 372 593 Che
393 533 469 594 diota
490 534 607 604 dentre,
629 554 665 592 vo
686 533 898 614 significando.

271 623 296 682 Ο
316 624 407 694 frate,
424 623 482 683 issa
501 623 616 704 veggio‚
634 622 722 693 disse,
740 622 763 682 il
779 624 860 683 nodo

313 712 375 772 Che
395 713 418 773 11
437 713 561 783 Notaro,
580 733 596 772 e
614 711 772 782 Guittone,
790 733 806 771 e
824 733 874 772 me
893 711 1012 772 ritenno

311 801 351 861 Di
371 823 432 882 qua
452 803 502 862 dal
521 802 607 861 dolce
626 801 675 861 stil
694 823 795 862 nuovo
813 801 859 861 ch'
870 801 891 861 i'
902 803 971 862 odo.

272 891 306 950 Io
325 891 429 972 veggio
445 892 503 952 ben
521 912 606 952 como
623 892 651 951 le
668 901 765 952 vostro
780 912 878 972 ponne
950 940 969 968 Ι.

311 980 434 1040 Dirotro
455 981 484 1040 ol
504 980 628 1041 dithator
649 1001 700 1041 sen
721 1001 819 1041 vanno
839 989 953 1052 strena,

313 1069 375 1129 Cho
398 1069 476 1130 delle
497 1080 599 1130 nostre
621 1080 702 1130 oerto
723 1090 786 1129 non
808 1091 949 1131 avvenno.

270 1158 295 1217 E
311 1158 383 1240 qual
398 1158 453 1239 pio
467 1180 486 1218 a
501 1159 632 1240 guardar
647 1160 723 1218 oltre
740 1159 764 1217 si
779 1168 880 1227 mette3

311 1248 378 1308 Non
399 1250 470 1309 vodo
488 1248 544 1329 pio
563 1247 635 1308 dall’
647 1269 709 1308 uno
729 1248 778 1308 all’
790 1249 869 1308 altro
887 1249 972 1318 sti10;

300 1338 334 1406 ,Ε
355 1338 442 1419 quasi
461 1347 634 1398 contentato
655 1337 680 1398 si
700 1347 815 1399 tacette.

272 1426 365 1487 Come
382 1428 424 1507 gli
441 1427 529 1508 augei
546 1428 600 1488 che
616 1449 728 1487 vernon
744 1427 838 1508 lungo
852 1427 875 1486 il
891 1427 961 1487 Nilo

311 1515 429 1576 Alcuna
452 1517 532 1576 volta
552 1517 584 1576 in
607 1538 657 1577 aer
679 1517 775 1577 fanno
796 1516 911 1576 schiera

311 1605 366 1665 Poi
387 1606 474 1665 volan
494 1604 549 1686 pio
568 1605 602 1665 in
621 1607 714 1666 fretto
733 1627 865 1666 evauno
883 1606 917 1666 in
936 1605 1011 1675 filo;

272 1693 342 1754 Cosi
360 1703 439 1754 tutta
457 1695 486 1754 la
504 1704 592 1775 gente
609 1695 664 1754 cho
681 1695 780 1765 liora,

310 1784 469 1864 Volgendo
490 1783 514 1842 il
534 1783 607 1855 viso,
629 1785 776 1845 raffrotto
795 1806 852 1846 suo
872 1806 970 1866 passo,

310 1873 335 1932 E
354 1895 408 1953 per
428 1894 584 1954 magrezza
602 1895 620 1933 o
638 1896 692 1955 per
712 1875 794 1934 voler
812 1875 953 1956 leggiora.

269 1962 294 2020 E
314 1983 399 2022 como
416 1962 437 2021 l’
449 1983 524 2022 uom
542 1963 595 2024 ohe
614 1963 645 2023 di
663 1973 789 2023 trottare
806 1966 822 2024 ὲ
839 1964 916 2024 lasso

310 2051 413 2112 Lasoia
433 2053 527 2112 andar
547 2051 570 2111 li
589 2052 762 2133 compagni,
779 2074 797 2112 e
815 2051 840 2112 si
857 2053 1012 2135 passeggia

310 2140 366 2199 Fin
389 2141 441 2200 che
464 2141 489 2200 si
511 2141 612 2220 sfoghi
634 2141 794 2201 l'affollar
815 2142 864 2201 del
886 2163 980 2212 casso;

272 2229 304 2290 Si
323 2229 414 2290 loscio
433 2241 582 2310 trapassar
601 2231 632 2289 lo
649 2240 735 2290 santa
754 2231 876 2312 greggia

311 2318 430 2390 Foreso,
448 2339 466 2378 e
485 2329 566 2378 retro
586 2339 671 2379 meco
690 2340 741 2379 son
761 2320 876 2391 veniva‚

308 2408 462 2468 Dicendo:
481 2407 611 2483 Quorido
629 2407 675 2468 fia
693 2407 739 2468 ch'
750 2407 781 2468 io
800 2409 823 2469 u'
840 2408 997 2491 riveggia‘?

270 2497 337 2557 Non
357 2519 401 2567 so,
420 2497 525 2577 rispos’
538 2496 567 2556 io
587 2497 645 2569 lui,
662 2498 767 2579 quant'
778 2498 810 2558 io
828 2497 871 2558 mi
890 2499 970 2569 vivo3

310 2587 360 2646 Ma
382 2587 431 2666 gio
451 2607 514 2646 non
537 2586 582 2647 fia
603 2587 626 2646 il
647 2597 751 2648 tornar
770 2587 835 2647 mio
856 2598 939 2649 tanto
960 2599 1050 2662 tosto,

312 2675 366 2734 Ch'
377 2676 409 2735 io
428 2697 491 2735 non
510 2675 553 2736 sia
574 2678 620 2736 ool
639 2677 721 2737 voler
740 2678 841 2758 prima
858 2677 918 2737 olla
937 2678 1010 2739 riva.

270 2764 426 2826 Poroocho.
442 2764 465 2824 11
487 2765 564 2837 loce,
589 2765 619 2825 u’
631 2766 681 2826 fui
704 2788 721 2827 a
744 2767 824 2827 viver
845 2777 944 2848 posto,

310 2855 350 2914 Di
367 2853 476 2935 giorno
492 2853 525 2914 in
542 2855 650 2936 giorno
666 2853 721 2936 pio
737 2855 768 2916 di
782 2857 841 2916 bon
855 2855 880 2916 si
896 2858 1014 2938 spolpa,

309 2944 356 3004 Ed
370 2965 389 3003 a
406 2943 490 3005 trista
506 2944 597 3004 ruina
611 2966 668 3025 par
683 2943 826 3026 disposto

271 3033 313 3093 Or
331 3056 377 3103 va,
394 3033 463 3093 diss'
473 3033 513 3104 ei,
529 3035 584 3094 cho
601 3033 671 3115 quei
689 3035 743 3095 cho
758 3034 813 3116 pio
830 3035 860 3095 n'
871 3036 911 3096 ha
926 3036 1013 3116 colpa

310 3123 403 3204 Vegg'
414 3122 445 3182 io
463 3144 481 3182 a
500 3124 574 3183 ooda
592 3123 621 3182 d’
634 3145 695 3184 una
712 3123 806 3184 bestia
825 3134 916 3185 tratto

310 3212 347 3270 In
367 3234 417 3272 ver
435 3212 465 3272 la
483 3211 570 3282 vallo,
588 3233 642 3272 ove
660 3213 722 3273 mai
738 3234 800 3272 non
819 3213 844 3273 si
862 3214 971 3295 soolpo.

270 3300 313 3360 La
332 3301 426 3361 bestia
444 3301 483 3361 ad
502 3301 574 3382 ogni
592 3323 679 3382 passo
697 3301 805 3383 vapi1'1
823 3313 914 3374 ωηο,

198 3471 199 3476 ¹
312 3389 478 3450 Cresoendo
498 3412 620 3472 sompre
642 3391 691 3451 fin
714 3391 831 3452 ch’ella
851 3391 875 3452 il
895 3403 1049 3472 percuoto,

310 3477 335 3537 Ε
359 3478 451 3538 loscio
474 3478 496 3538 il
521 3500 614 3560 corpo
638 3480 782 3541 vilmenoo
806 3481 941 3541 disfatto.

567 3619 595 3661 v.
610 3619 690 3674 52-87
