2386 4010
176 199 241 275 338

464 193 606 245 Divina
632 190 848 246 Commodia

295 359 373 420 Ond'
384 359 416 418 io
431 359 485 418 che
501 378 555 418 son
571 357 694 427 mantal,
709 355 754 416 mi
770 366 855 416 sento
870 355 904 416 in
919 365 1024 437 questa

335 447 618 528 Disagguaglianza‚
632 469 648 507 a
662 451 736 528 pera
749 467 812 506 non
826 445 986 528 ringaazio‚

337 537 458 598 Senon
479 539 525 597 col
547 558 625 608 core,
646 535 706 596 alla
725 546 851 617 paterna
871 535 958 597 fasta

294 627 359 688 Ban
379 627 518 708 suppliao
536 627 567 688 io
586 649 605 687 a
624 637 662 697 te,
683 626 749 686 vivo
769 625 896 706 topazi0,

335 716 398 777 Che
414 728 519 799 questa
535 715 616 798 gioia
632 715 767 797 praziosa
783 715 941 796 ingemmi,

334 807 449 869 Percha
471 805 516 868 mi
537 805 618 866 faeci
641 806 690 866 del
713 816 767 866 tuo
789 825 881 865 noma
903 803 991 864 sazio.

296 896 321 957 O
342 897 456 957 fronda
475 896 546 966 mia,
568 896 600 954 in
620 895 674 955 che
694 895 723 954 io
744 893 974 976 compiaoammi

333 986 416 1046 Pure
435 985 621 1067 aspettando,
639 985 672 1046 io
689 984 740 1044 fui
758 985 788 1044 la
807 994 860 1045 tua
879 983 995 1044 radiae:

335 1075 423 1136 Cotal
444 1074 606 1156 principio,
628 1074 842 1155 rispondendo,
864 1073 985 1134 femmi,

304 1164 409 1226 Poscia
426 1165 471 1224 mi
488 1164 582 1225 disse:
603 1163 691 1241 Quel‚
709 1165 747 1224 da
764 1163 814 1224 cui
833 1163 858 1224 si
875 1163 940 1224 dice

334 1255 401 1315 Tua
420 1254 594 1336 aognazion,
615 1275 632 1314 e
652 1254 707 1314 cha
727 1253 802 1314 cent’
814 1253 887 1312 anni
907 1273 923 1312 e
943 1251 1016 1334 piae

333 1344 441 1404 Girato
458 1345 498 1404 ha
514 1344 538 1404 il
555 1353 659 1403 monte
676 1343 709 1403 in
727 1343 758 1403 la
775 1343 875 1424 prima
891 1341 1038 1412 cornice,'
1151 1335 1155 1353 '

242 1479 245 1486 .
293 1433 357 1494 Mio
373 1433 464 1514 figlio
481 1434 530 1504 fu,
548 1455 565 1494 e
584 1443 636 1493 tuo
653 1433 755 1492 bisavo
772 1432 844 1492 fue:

333 1523 399 1583 Ben
421 1523 445 1583 si
467 1522 594 1583 convian
617 1522 722 1583 chela
744 1523 839 1602 lunga
859 1521 953 1582 fatioa

334 1613 381 1674 Tu
405 1612 448 1693 gli
474 1611 607 1673 raccorci
632 1633 689 1672 oon
712 1611 733 1670 1’
745 1631 836 1692 opera
862 1621 922 1672 tue.

294 1701 452 1772 Fiorenza,
470 1702 577 1762 dentro
596 1701 677 1761 dalla
694 1700 812 1762 cerchia
830 1699 938 1770 antica,

334 1791 412 1852 Ond'
424 1792 483 1852 ella
500 1791 592 1872 anglie
608 1811 718 1851 anoora
735 1811 751 1850 e
769 1799 848 1850 tarza
865 1811 881 1850 a
898 1811 989 1861 nona,
1059 1785 1061 1788 ’

335 1881 367 1942 Si
389 1891 470 1942 stava
491 1881 525 1940 in
546 1902 630 1962 pace,
652 1879 752 1941 sobria
773 1901 791 1940 a
811 1880 932 1961 pudica,

294 1970 362 2030 Non
380 1991 452 2030 avea
469 1971 624 2041 catenella,
642 1991 705 2029 non
722 1988 844 2040 corona,

335 2059 402 2120 Non
422 2061 522 2120 donne
542 2058 714 2140 (autigine,
734 2078 797 2119 non
817 2059 937 2120 cintura

335 2148 398 2208 OEae
416 2149 498 2209 fossa
517 2170 535 2208 a
556 2149 644 2208 vader
662 2148 718 2230 pia
738 2148 792 2209 che
810 2148 841 2208 la
858 2167 994 2229 persona.

295 2237 364 2298 Non
386 2239 502 2309 facava,
527 2240 687 2308 nascendo,
713 2258 805 2298 anoor
828 2259 925 2318 paura

334 2326 378 2387 La
393 2327 484 2409 figlia
499 2327 528 2387 al
544 2329 648 2408 padae,
665 2328 719 2388 cha
734 2326 758 2386 il
775 2337 878 2408 tempo
893 2348 909 2387 e
924 2327 955 2386 la
969 2327 1040 2386 dote

335 2416 403 2477 Non
426 2417 556 2498 fuggian
579 2416 683 2498 quinci
708 2438 723 2477 e
745 2416 854 2498 quindi
876 2416 907 2477 la
929 2415 1054 2477 misura.

294 2506 363 2566 Non
384 2527 457 2566 avea
480 2527 545 2566 casa
566 2507 598 2567 di
620 2506 762 2587 famiglia
784 2516 867 2576 νοω

335 2595 403 2655 Non
425 2595 515 2656 v'era
537 2595 647 2676 giunta
669 2617 761 2656 anaor
785 2593 990 2676 Sardanapalo

333 2685 507 2745 Amostrar
523 2685 570 2746 cia
586 2685 641 2746 che
657 2685 690 2744 in
706 2705 825 2746 camera
840 2685 866 2744 si
881 2695 982 2767 puote.

294 2774 363 2834 Non
376 2795 428 2835 era
443 2774 527 2834 vinbo
540 2795 651 2836 ancora
665 2775 852 2835 Montemalo

333 2863 393 2924 Dal
412 2873 512 2924 vostro
530 2863 726 2935 Uecellatoio,
745 2864 809 2934 che,
828 2863 933 2943 coms&
952 2862 1037 2923 vinto

335 2953 390 3014 Nal
410 2964 533 3015 montar
554 2975 600 3025 su,
621 2959 683 3014 oosi
702 2957 768 3014 sara
788 2953 840 3015 nal
860 2953 934 3014 calo.

275 3042 466 3103 'Bellincion
490 3043 573 3104 Berti
599 3043 658 3104 vid'
668 3044 699 3103 io
724 3045 819 3104 andar
844 3043 924 3103 cinto
975 3095 982 3108 ,

334 3132 375 3191 Di
391 3131 482 3193 cuoio
500 3153 515 3192 e
533 3133 562 3193 d’
573 3153 650 3202 osso,
667 3153 683 3194 e
701 3133 785 3192 venir
803 3133 884 3194 dallo
900 3131 1038 3214 specchio

333 3221 376 3282 La
393 3222 494 3282 donna
510 3243 563 3285 sua
579 3244 665 3283 senza
681 3222 704 3281 il
720 3223 782 3282 viso
798 3223 930 3303 dipint0;

293 3309 319 3369 Ε
339 3310 400 3371 vidi
419 3312 492 3392 qual
511 3311 558 3372 de’
570 3311 653 3372 Nerli
672 3331 688 3370 e
708 3311 778 3392 qual
799 3312 847 3371 del
865 3311 994 3373 Vaochio

231 3463 234 3472 ,
334 3400 421 3460 Esser
444 3401 577 3461 oonoenti
602 3401 662 3461 alla
684 3400 763 3481 pelle
784 3411 929 3483 scoperta,

333 3488 358 3549 Ε
380 3490 408 3550 le
431 3511 485 3550 sue
505 3491 657 3552 donne.al
677 3490 750 3552 fuso
771 3492 808 3551 ad
829 3490 858 3550 nl
878 3490 1074 3571 pennecchio.

585 3630 614 3674 V.
628 3630 723 3676 82-117
