2354 4016
214 235 271 277 102
497 207 882 264 DivinaCommedia

328 377 362 436 L'
374 376 486 445 anima,
503 376 551 437 ch'
563 397 613 436 era
632 375 711 436 fiere
730 375 883 446 divenute,
1029 443 1035 454 ‚

368 467 401 526 Si
422 468 510 548 fuggi
531 465 694 526 sufolando
716 486 770 546 per
791 464 929 534 lavalle,

368 557 432 616 ΕΓ
445 558 523 617 altro
544 554 641 616 dietro
662 576 680 614 a
698 554 744 614 lui
765 555 912 636 perlando
933 563 1030 636 sputa.

327 645 431 705 Poscia
450 644 492 726 gli
510 645 590 704 volse
609 645 636 703 le
656 644 772 703 novelle
791 645 895 724 spalle,

369 734 393 793 E
413 733 489 794 disse
509 733 559 794 all·
571 734 665 792 altro:
688 733 722 792 10
743 733 854 793 vo'che
874 733 974 792 Buoso
995 753 1102 801 corra,

368 822 505 883 Com'ho
529 821 598 882 fan’
610 822 650 892 io,
672 843 796 904 carpon‚
819 843 873 903 per
896 832 1001 904 questo
1024 821 1122 882 cane.

329 912 398 972 Cosi
419 912 519 973 v'id’io
539 912 569 972 la
590 911 709 972 settima
731 932 854 971 zavorra

366 1002 485 1062 Mutare
501 1021 518 1062 e
536 1011 731 1070 trasmutare3
748 1022 764 1060 e
781 1001 835 1082 qui
852 1000 897 1060 mi
915 1000 992 1062 scusi

367 1091 410 1151 La
428 1089 540 1160 novite,
557 1112 586 1150 se
603 1090 666 1150 fior
683 1091 712 1151 la
729 1111 828 1172 penna
845 1090 982 1150 abborra.

327 1180 374 1239 Ed
393 1181 577 1261 avvegnache
597 1180 640 1261 gli
660 1181 744 1240 occhi
764 1180 837 1240 miei
858 1179 980 1239 confusi

369 1269 494 1330 Fossero
515 1272 671 1351 alquanto,
691 1290 707 1330 e
729 1270 864 1330 l’enimo
884 1279 1029 1350 smegeto,

367 1359 435 1418 Non
450 1355 540 1440 poter=
553 1359 624 1439 quei
642 1359 771 1440 suggirsi
787 1369 871 1419 tanto
887 1358 994 1429 chiusi‚

328 1447 381 1508 Ch’
394 1448 424 1507 io
442 1469 504 1508 non
522 1448 663 1529 scorgessi
681 1448 739 1507 ben
757 1447 867 1508 Puccio
886 1447 1064 1508 Scianceto:

366 1538 413 1597 Ed
432 1558 483 1597 era
503 1537 574 1618 quei
594 1537 647 1597 che
668 1538 722 1606 sol,
743 1537 788 1597 de'
801 1548 846 1597 tre
866 1537 1030 1619 compagni
1105 1602 1107 1608 ,

367 1627 429 1687 Che
449 1647 560 1687 venner
581 1627 691 1707 prima,
712 1647 773 1687 non
796 1648 844 1686 era
864 1637 1000 1687 mutato:

327 1715 360 1776 L’
372 1717 452 1776 altro
469 1738 521 1776 era
538 1716 609 1798 quel
628 1716 681 1776 che
700 1726 744 1785 tu,
762 1716 888 1787 Gaville,
906 1715 1020 1799 pingni.

675 1921 697 1971 *

295 2099 1072 2164 CANTOVENTESIMOSESTO

325 2245 415 2313 Godi,
433 2244 457 2303 F
459 2244 589 2314 iorenza,
607 2243 660 2325 poi
678 2244 731 2303 che
750 2244 790 2302 sei
809 2246 833 2302 si
851 2243 974 2324 grande,

366 2335 428 2394 Che
446 2355 501 2414 per
519 2353 636 2394 meree
652 2353 706 2414 per
726 2342 805 2392 terra
824 2332 900 2392 batti
917 2332 937 2392 l'
949 2332 1001 2401 ali,

365 2425 389 2484 E
411 2445 465 2506 per
486 2423 506 2483 l‘
518 2423 643 2483 inferno
665 2422 688 2481 il
710 2433 764 2482 tuo
786 2443 876 2482 nome
897 2421 923 2482 si
942 2422 1065 2502 spande.

326 2514 384 2573 Tra
400 2513 423 2572 li
438 2513 546 2573 ladron
564 2511 660 2572 trovai
676 2511 784 2593 cinque
799 2511 889 2571 cotali

366 2602 444 2662 Tuoi
464 2601 613 2671 cittadini,
635 2602 713 2661 onde
734 2602 778 2660 mi
800 2601 867 2660 vien
888 2622 1048 2682 vergogna,

366 2693 391 2753 Ε
408 2702 441 2752 tu
458 2692 489 2751 in
505 2693 618 2772 grande
634 2712 765 2751 onranza
780 2711 843 2750 non
859 2710 897 2750 ne
913 2690 976 2750 sali.

325 2782 374 2840 Ma
393 2801 423 2840 se
441 2801 543 2862 presso
562 2780 590 2840 al
609 2778 720 2839 mettin
739 2779 762 2837 il
782 2800 830 2838 ver
848 2778 873 2838 si
891 2800 984 2860 sogna

365 2871 412 2930 Tu
430 2869 555 2930 sentirai
574 2869 605 2928 di
624 2890 684 2948 qua
704 2869 741 2928 da
760 2867 868 2948 piccio]
888 2878 992 2949 tempo

365 2957 405 3019 Di
426 2959 497 3040 quel
520 2958 574 3019 che
598 2958 701 3026 Prato,
725 2978 787 3016 non
809 2957 856 3016 ch'
869 2957 949 3026 altri,
966 2957 986 3017 t'
999 2947 1141 3041 agogna.'

324 3048 349 3107 E
367 3069 397 3108 se
415 3048 464 3129 gin
482 3049 572 3117 fosse,
591 3067 654 3106 non
672 3045 750 3106 seria
767 3067 827 3129 per-
840 3056 952 3127 tempo.

365 3138 434 3196 Cosi
454 3136 526 3196 foss’
546 3135 584 3204 ei,
603 3137 640 3195 da
660 3136 713 3195 che
731 3157 808 3218 pure
826 3155 904 3196 esser
922 3136 992 3206 dee3

365 3226 427 3286 Che
443 3226 498 3307 pin
513 3224 557 3285 mi
572 3227 705 3307 gravere,
722 3224 799 3284 com’
816 3223 870 3304 pin
885 3225 927 3283 111⁹
938 3235 1085 3309 attempo.

325 3315 382 3375 Noi
401 3315 429 3375 ci
447 3314 625 3396 partimmo,
642 3335 709 3374 esu
728 3334 783 3394 per
801 3313 829 3373 le
848 3314 952 3385 scalee,

365 3404 428 3464 Che
449 3404 479 3463 η’
491 3425 583 3465 avenn
606 3405 683 3464 fatte
705 3402 717 3461 i
732 3402 823 3463 borni
839 3425 856 3463 a
872 3404 994 3463 scendet
1018 3407 1097 3486 pria,

365 3491 512 3555 Rimontb
530 3493 553 3552 il
572 3495 658 3554 Duce
676 3490 751 3562 mi0‚
766 3514 783 3552 e
800 3502 890 3553 trasse
910 3513 985 3553 mee.

567 3633 594 3675 V.
610 3632 725 3682 iae-151,
742 3633 808 3674 1-15
