2356 4010
107 245 110 252 Α
139 183 202 259 238

427 178 568 232 Divina
595 177 811 232 Commodia

258 345 283 405 Ε
305 345 386 426 degli
407 345 496 406 Ebrei
518 346 564 406 ch’
577 345 607 406 al
626 348 680 407 ber
701 346 725 407 si
745 349 876 407 mostrer
897 345 996 418 molli,

296 435 353 494 Per
373 435 426 495 che
445 457 508 495 non
527 436 557 496 n'
575 437 647 496 ebbe
667 437 789 496 Gedeon
808 435 978 518 compagni,

299 523 429 600 Quando
449 547 499 585 ver
519 525 640 586 Madian
661 526 771 586 diseese
790 525 802 585 i
821 525 901 587 eolh'.

260 612 303 684 Si,
325 614 463 675 accostati
484 614 534 675 all'
546 636 589 675 un
611 614 656 674 de’
668 615 726 675 due
747 614 878 696 vivagni,

298 703 484 774 Passamm0,
503 705 625 764 edendo
643 705 729 785 colpe
748 704 829 764 della
846 704 926 784 gela,

299 791 421 872 Seguite
439 793 487 874 gie
503 794 542 853 da
558 793 663 853 miseri
680 791 839 874 guadagni.

258 881 324 952 Pei,
344 881 500 962 rallesgati
519 903 573 962 per
592 881 623 942 la
641 884 741 943 strada
760 883 835 955 sole,

298 969 362 1030 Ben
383 971 469 1030 mille
489 971 568 1052 passi
587 992 604 1031 e
624 971 680 1052 pie
700 971 727 1031 ci
747 981 872 1052 portare
892 971 980 1044 olise,

299 1060 542 1141 Contemplendo
566 1061 686 1121 ciascun
709 1082 796 1121 senza
820 1061 935 1142 parole.

259 1148 321 1208 Che
341 1149 450 1209 audate
469 1150 624 1230 pensando
645 1154 670 1210 si
690 1149 738 1210 voi
756 1151 801 1210 sol
821 1149 890 1211 tre?

299 1237 405 1298 subita
425 1259 496 1298 voee
514 1239 608 1309 disse3
628 1239 698 1299 ond’
709 1239 741 1300 io
759 1239 804 1299 mi
822 1237 923 1311 seossi,

299 1326 394 1387 Gome
419 1329 475 1388 fan
498 1329 591 1388 bestie
617 1339 790 1410 spaventete
807 1351 824 1388 e
844 1327 951 1410 poltre.

257 1417 377 1476 Drizzai
393 1415 424 1477 la
441 1427 514 1478 testa
531 1439 586 1499 per
602 1419 691 1478 veder
707 1419 756 1478 ehi
772 1417 848 1478 fossi
856 1440 864 1487 ;

296 1506 321 1566 Ε
341 1506 487 1586 giammai
506 1527 570 1567 non
590 1507 615 1568 si
635 1507 736 1591 videro
755 1506 788 1567 in
807 1509 932 1569 fornace

297 1595 382 1654 Vetri
401 1617 420 1654 0
439 1596 557 1656 metalli
583 1601 609 1656 si
632 1596 747 1658 lueenti
765 1618 782 1657 e
801 1598 887 1668 rossi,

221 1743 222 1748 ,
258 1683 344 1744 Com'
355 1685 385 1744 io
404 1684 465 1745 vidi
482 1708 526 1746 un
545 1685 599 1745 che
616 1685 723 1747 diceae
734 1686 793 1747 S'a
812 1685 863 1747 voi·
876 1686 959 1768 piace

298 1774 436 1834 Montare
453 1774 553 1845 insu,
571 1775 625 1856 qui
643 1774 669 1836 si
687 1775 813 1836 convien
827 1777 883 1836 dar
902 1778 998 1846 volta;

298 1863 409 1940 Quinci
426 1863 451 1924 si
470 1886 505 1924 va
522 1864 572 1924 ehi
590 1865 679 1925 vuole
696 1866 790 1926 ander
806 1887 860 1946 per
878 1887 959 1946 paee.

258 1951 291 2010 L’
303 1957 418 2033 aspet'to
437 1974 493 2014 suo
511 1954 552 2012 m’
565 1974 635 2014 evea
653 1955 682 2014 la
700 1953 775 2038 esista
792 1955 883 2015 tolie:

297 2041 402 2102 Perch'
413 2042 444 2101 io
464 2042 509 2100 mi
528 2042 603 2102 volsi
624 2052 705 2103 retro
725 2043 751 2103 a’
763 2043 836 2104 miei
856 2045 980 2114 dottori,

299 2130 471 2190 Com’uom
495 2131 549 2191 che
572 2153 607 2191 va
632 2133 760 2192 secondo
783 2133 829 2193 ch’
840 2133 902 2213 egli
924 2135 1047 2196 asculta.

163 2193 170 2200 ι
256 2220 281 2278 Ε
301 2221 402 2300 quale,
423 2219 649 2281 annunziatrice
670 2221 752 2301 degli
771 2221 881 2292 albori,

297 2309 409 2368 L'aura
426 2309 457 2369 di
475 2309 597 2390 maggio
615 2309 739 2381 movesi,
754 2311 793 2371 ed
809 2311 925 2372 olezza:

298 2398 389 2458 Tutta
410 2397 601 2479 impregnata
621 2399 776 2460 dall'erba
794 2421 811 2460 e
830 2400 880 2460 dai
903 2401 996 2471 fiori3

258 2487 312 2547 Tel
330 2487 376 2546 mi
395 2487 484 2547 sentii
503 2510 547 2547 un
564 2498 654 2548 vento
673 2489 726 2550 dar
743 2509 799 2570 per
817 2511 918 2551 mezza

297 2575 341 2636 La
361 2577 476 2647 fronee,
496 2577 589 2637 eben
610 2578 809 2639 senti'mover
830 2580 861 2640 la
879 2578 998 2661 piuma‚

299 2665 362 2725 Che
387 2666 534 2726 fe’sentir
558 2667 586 2727 d’
597 2667 751 2728 ambrosia
776 2668 919 2730 l'orezza.

257 2755 281 2813 E
306 2755 392 2815 senti'
404 2755 467 2815 dir:
493 2756 578 2815 Beati
601 2757 651 2817 cui
673 2756 789 2817 elluma

297 2844 395 2904 Tanto
413 2844 445 2905 di
462 2845 573 2925 grazia,
591 2846 646 2906 che
663 2846 683 2905 l’
695 2867 781 2906 amor
798 2847 848 2909 del
864 2858 953 2930 gusto

298 2933 353 2993 Nel
373 2943 457 3014 petto
477 2934 524 2993 lor
545 2945 656 3015 troppo
676 2935 751 2996 disir
770 2957 834 2996 non
854 2937 954 3008 sume,

176 3104 177 3107 Ἰ
256 3021 426 3083 Esuriendo
453 3045 572 3104 sempre
595 3034 710 3105 quanto
730 3029 746 3085 e
765 3026 875 3106 giusto.

604 3305 625 3355 *

540 3608 569 3651 V.
583 3608 691 3652 124-154
