2386 4010
157 215 220 292 326

443 209 585 262 Divina
611 207 828 262 Commedia

276 376 343 435 Non
364 375 536 456 dispensare
557 395 576 434 ο
597 375 656 435 due
677 395 694 434 ο
716 383 760 434 tre
781 394 836 455 per
855 354 932 443 seij.

315 464 382 524 Non
404 466 434 525 la
455 466 584 525 fortuna
605 463 637 524 di
658 463 759 545 prima
780 472 913 533 vacante,

314 555 382 615 Non
405 555 536 615 decimas
558 574 636 634 quae
658 563 729 614 sant
750 573 931 633 pauperum,
944 553 1012 619 Dei,

212 707 213 714 χ
273 645 492 714 Addomandb;
513 665 564 704 ma
585 653 689 704 eontro
710 643 740 703 al
759 643 874 704 mondo
896 649 1015 702 errante

314 733 441 795 Licenza
461 733 493 794 di
514 733 681 794 eombetter
701 754 755 814 per
769 732 805 792 ·lo
825 753 915 803 seme,

313 823 371 884 Del
392 823 466 904 qual
489 823 512 884 ti
535 823 651 883 fascian
673 821 877 903 ventiquattro
900 821 1011 903 piante.
1076 884 1081 892 ,

273 912 329 972 Poi
352 933 407 974 cen
429 912 565 973 dottrina
588 932 683 973 econ
706 913 804 972 volere
826 911 954 972 insieme

313 1001 379 1062 Con
400 1002 544 1080 l'offizie
568 1001 732 1083 apostolieo
755 1001 780 1061 si
802 1021 910 1072 mosse,

314 1091 407 1168 Quasi
431 1101 565 1153 horrente
590 1091 710 1154 ch'elte
734 1111 808 1151 vene
830 1111 946 1172 preme,

271 1181 296 1241 E
314 1181 396 1262 negli
414 1181 507 1262 sterpi
525 1180 627 1242 eretici
645 1201 781 1262 pereosse
835 1199 837 1202 ·

312 1270 474 1352 L’impeto
498 1292 563 1342 suo,
588 1270 644 1351 piii
669 1269 837 1330 vivamente
860 1269 945 1351 quivi

311 1361 395 1420 Deve
407 1361 443 1420 .le
463 1361 620 1421 resistenze
640 1381 713 1420 eran
731 1359 787 1441 pie
806 1354 915 1440 sgrosse.

271 1449 312 1509 Di
331 1449 377 1510 lui
398 1449 422 1510 si
442 1450 527 1511 feeer
546 1450 599 1530 poi
619 1448 728 1510 diversi
748 1446 815 1518 rivi,

197 1579 198 1582 =
311 1539 398 1600 Onde
422 1538 522 1599 l'erte
547 1538 687 1600 cattolieo
713 1536 738 1599 si
762 1538 837 1619 riga,

312 1628 344 1689 Si
365 1629 420 1689 che
439 1628 450 1687 i
470 1627 536 1688 suoi
559 1627 720 1688 arbuseelli
741 1637 807 1687 stan
827 1627 882 1709 pie
903 1626 971 1688 vivi.

271 1717 310 1779 Se
332 1719 375 1778 tel
398 1718 437 1777 fu
459 1716 554 1778 l'una
575 1727 641 1778 rote
664 1717 744 1778 delle
767 1717 847 1798 biga,

310 1807 347 1867 In
364 1807 418 1866 che
435 1806 465 1867 la
484 1817 568 1868 sanie
586 1807 692 1868 Chiesa
709 1806 735 1866 si
753 1806 858 1876 difese,

309 1897 334 1957 E
355 1897 437 1958 vinse
458 1896 490 1956 in
512 1917 621 1978 campo
640 1898 671 1956 la
692 1918 746 1957 sua
768 1896 837 1957 civil
856 1896 952 1978 briga,

269 1985 333 2046 Ben
354 1985 377 2045 ii
397 1986 544 2046 dovrebbe
564 1985 641 2046 assai
660 2007 738 2046 esser
757 1987 856 2068 palese

178 2113 183 2123 ι
310 2075 520 2136 L’eeeellenza
542 2075 711 2147 deli'altre,
733 2076 765 2137 di
788 2076 837 2137 cui
858 2076 988 2137 Tomme

309 2164 441 2225 Dinanzi
459 2166 488 2225 al
506 2165 570 2225 mio
590 2165 675 2226 venir
692 2166 731 2225 fu
751 2169 776 2225 si
795 2175 916 2227 eortese.

269 2254 320 2316 Ma
341 2254 481 2325 l'orbite,
504 2254 559 2315 che
581 2255 664 2315 fe’la
684 2264 770 2336 perte
792 2275 910 2315 somme

308 2344 349 2404 Di
371 2366 425 2405 sua
447 2343 684 2414 cireonferenza,
704 2347 720 2404 ὸ
739 2343 887 2415 derelitta,

311 2433 343 2494 Si
367 2433 440 2494 ch'e
465 2435 494 2494 le
519 2434 628 2494 musfa
650 2432 780 2494 dov’era
803 2433 834 2494 la
858 2454 1006 2515 gromma.

269 2521 313 2582 La
333 2545 387 2583 sua
407 2523 558 2604 famiglie,
580 2524 634 2583 che
655 2522 680 2582 si
701 2543 798 2583 messe
818 2523 913 2584 dritta

309 2611 364 2672 Coi
385 2611 467 2693 piedi
489 2613 548 2672 alle
570 2633 622 2672 sue
643 2632 738 2683 orme,
757 2615 773 2673 ὲ
792 2622 876 2673 tanto
898 2611 988 2682 volta,

311 2701 374 2762 Che
394 2702 466 2782 quel
487 2702 611 2762 dinanzi
632 2723 650 2762 a
670 2702 741 2783 quel
763 2702 877 2764 diretro
898 2702 989 2784 gitte3

268 2792 293 2852 E
311 2801 388 2851 toste
407 2791 431 2850 si
450 2792 540 2852 vedri
558 2791 638 2851 della
657 2791 763 2852 ricolta
1038 2855 1047 2862 ,

308 2881 395 2941 Della
415 2881 496 2941 mala
516 2879 643 2951 cultura,
666 2882 786 2964 quando
807 2881 830 2941 il
849 2881 942 2963 loglio

309 2969 341 3030 Si
360 2971 485 3050 lagneri
505 2970 559 3030 che
579 2970 600 3028 l’
612 2991 680 3031 arca
700 2970 742 3052 gli
763 2970 806 3031 sia
828 2970 911 3032 tolia.

267 3058 333 3120 Ben
354 3059 431 3130 dieo,
454 3058 503 3119 chi
525 3080 653 3120 cercasse
673 3081 692 3120 a
713 3059 810 3141 foglio
832 3082 850 3120 a
870 3060 970 3142 foglio

308 3148 417 3208 Nostro
436 3150 569 3219 volume,
589 3171 681 3210 ancer
702 3149 830 3210 troveria
850 3160 932 3210 certa

308 3237 549 3319 U'leggerebbe:
570 3239 605 3298 Io
624 3239 669 3300 mi
689 3259 743 3299 son
762 3238 835 3320 quel
854 3239 900 3300 ch’
911 3239 941 3299 io
962 3238 1068 3320 soglio.

268 3326 319 3387 Ma
342 3348 405 3387 non
429 3328 477 3388 fia
501 3328 539 3388 da
563 3327 659 3399 Casal,
684 3331 723 3389 ne
748 3328 1003 3410 d’Acquasparte‚

308 3415 352 3476 Le
370 3417 449 3477 onde
469 3438 585 3498 vegnon
606 3417 660 3479 tali
680 3417 739 3478 alia
759 3417 910 3488 seritture,

309 3505 372 3565 Che
387 3505 408 3564 l'
420 3528 462 3566 un
478 3506 508 3566 le
524 3507 630 3588 fugge,
643 3529 661 3568 e
676 3506 698 3567 l'
708 3508 787 3568 altro
804 3507 835 3568 la
848 3516 957 3568 eoerte.
1018 3543 1020 3550 =

556 3647 585 3691 V.
599 3647 694 3692 91—126
