2356 4010
161 198 224 258 208

448 192 589 245 Divina
616 191 832 246 Commodia

281 360 374 420 Dolce
397 360 461 419 mio
483 361 590 431 Padre,
614 360 666 431 di’,
688 360 778 441 quale
801 359 975 420 offensione

321 449 353 509 Si
369 472 465 531 purga
480 450 533 530 qui
550 449 596 510 nel
614 449 680 530 giro
697 450 771 510 dove
787 448 894 509 semo?

323 539 361 600 Se
378 539 389 598 i
405 540 455 620 pin
472 539 497 599 si
513 549 632 608 stann0,
648 559 709 598 non
725 549 785 598 stea
803 549 857 599 tuo
873 559 1021 600 sermone.

281 629 326 688 Ed
346 629 405 709 egli
423 651 440 687 a
460 650 524 688 me:
544 628 577 687 L’
590 649 676 688 arnor
695 629 744 689 del
760 629 846 700 bene,
864 649 963 689 scemo

319 718 359 777 Di
377 739 431 778 suo
448 718 549 786 dover.
567 718 693 798 quiritta
710 717 735 777 si
753 717 871 787 ristora‚

321 807 382 884 Qui
400 808 425 868 si
443 807 551 872 ribatte
568 807 592 868 il
609 807 672 867 mal
690 808 808 867 tardato
821 827 924 867 remo:

281 897 330 956 Ma
349 898 458 978 perch&
475 897 530 978 pin
549 907 653 977 aperto
670 896 788 957 intendi
806 918 926 968 ancora,

320 987 411 1068 Volgi
427 988 456 1046 la
472 997 574 1047 mente
590 1009 607 1046 a
623 1008 683 1057 me,
699 1008 715 1046 e
728 987 888 1067 prenderai

320 1077 419 1137 Aleun
443 1077 526 1136 buon
549 1077 648 1136 frutto
671 1076 702 1137 di
724 1087 827 1136 nostra
848 1076 976 1137 dimota.

279 1165 322 1226 Νὲ
340 1176 467 1235 creator,
485 1169 524 1226 ῃὲ
543 1176 680 1226 creatura
697 1166 770 1235 mai,

321 1254 479 1316 Comincib
498 1255 535 1326 ei,
554 1255 690 1336 figliuol,
709 1257 746 1315 fu
764 1276 850 1316 senza
868 1275 982 1325 amore,

321 1343 924 1416 Onaturnle‚od’anim0;en1ilsni.

281 1433 326 1494 Lo
351 1436 508 1495 natural
498 1457 513 1495 e
538 1455 656 1520 sempr?
681 1456 769 1495 senza
792 1455 910 1504 errore3

320 1523 369 1584 Ma
392 1524 411 1584 Γ
424 1525 502 1583 altro
522 1533 614 1605 puole
636 1545 719 1584 erran
738 1545 794 1604 per
813 1522 896 1583 malo
914 1523 1061 1595 obbietto,

322 1613 347 1672 0
364 1634 418 1694 per
434 1634 521 1693 poen,
538 1634 556 1672 ο
571 1634 626 1694 per
643 1624 754 1714 troppn
769 1613 842 1673 di
816 1634 928 1693 v1gore

280 1703 396 1762 Mentre
417 1702 462 1762 ch’
475 1702 565 1783 egli
555 1724 571 1762 e
590 1702 638 1762 ne'
649 1701 743 1782 primi
762 1703 820 1762 ben
840 1702 961 1773 diretto,

319 1792 346 1851 Ε
366 1792 413 1851 no’
425 1791 546 1853 secondi
566 1795 597 1851 sb
619 1801 711 1851 stesso
731 1792 858 1862 misura,

320 1880 407 1941 Esser
434 1902 496 1941 non
521 1885 585 1962 pub
612 1880 718 1962 cagion
744 1881 776 1941 di
801 1881 863 1940 mal
887 1880 1026 1949 dilett0;.

282 1970 342 2040 Ma,
362 1970 486 2051 quando
504 1971 534 2030 al
553 1971 616 2030 mal
636 1971 660 2029 si
681 1980 770 2040 tome,
790 1991 807 2030 ο
826 1991 883 2030 oon
903 1969 958 2050 pin
976 1991 1060 2040 cura,

320 2060 345 2119 Ο
370 2080 426 2119 con
448 2081 520 2118 men
543 2059 597 2119 che
620 2080 683 2119 non
704 2061 769 2130 dee,
788 2080 875 2119 corre
897 2059 948 2119 nel
970 2059 1058 2130 bene,

322 2148 435 2208 Contra
455 2148 478 2207 il
498 2149 609 2208 fauore
629 2149 743 2229 adopta
762 2170 816 2208 sua
836 2149 961 2208 fatturn.

280 2237 390 2315 Quinci
410 2239 609 2318 comprender
628 2237 701 2320 puoi
722 2238 768 2298 ch’
781 2258 858 2300 esser
877 2237 1020 2297 convinne

319 2328 415 2388 Amor
436 2337 568 2387 sementa
587 2327 619 2387 in
641 2327 688 2386 voi
708 2327 735 2387 d’
748 2326 820 2407 ogni
839 2326 962 2397 virtute,

318 2417 343 2476 Ε
364 2417 393 2477 (Γ
405 2416 477 2497 ogni
497 2417 658 2497 operazion
681 2417 734 2476 che
754 2427 853 2477 merka
873 2438 958 2497 pene.

279 2507 321 2566 Or
342 2505 452 2586 perch&
471 2506 534 2566 mni
555 2527 618 2567 non
639 2510 703 2586 pub
723 2506 803 2566 dalla
821 2506 917 2566 salute

319 2597 415 2664 Amor
435 2596 482 2654 del
502 2616 557 2655 suo
576 2605 715 2676 suggetto
734 2606 831 2661 torcer
850 2595 923 2664 viso,

317 2684 397 2743 Dall’
421 2684 491 2744 odio
511 2685 639 2765 proprio
661 2705 714 2744 son
735 2684 765 2744 le
787 2705 853 2744 cose
876 2693 955 2744 tute:

277 2774 302 2832 E
321 2772 432 2855 perch&
449 2772 589 2833 intendet
609 2794 671 2832 non
690 2773 714 2833 si
733 2777 797 2854 pub
814 2773 920 2844 diviso,

319 2863 343 2921 E
363 2884 418 2944 per
437 2865 466 2922 s&
485 2872 593 2933 stante,
612 2865 723 2923 alcuno
742 2883 820 2922 esser
837 2863 887 2922 dal
906 2862 1018 2943 primo,

318 2952 365 3012 Da
383 2952 487 3032 quello
502 2951 605 3012 odinre
623 2952 694 3032 ogni
711 2952 824 3012 affetbo
842 2951 979 3012 bdoeiso.

278 3042 376 3112 Rem,
398 3062 427 3100 se
448 3040 609 3103 dividendo
630 3041 705 3101 bene
725 3039 842 3111 estimo,

319 3129 381 3191 Che
400 3130 423 3189 il
441 3131 505 3190 mal
525 3132 577 3190 che
596 3130 617 3189 s’
629 3153 698 3191 ama
717 3134 732 3190 ὲ
749 3130 798 3190 del
816 3131 977 3210 prossimo,
995 3131 1033 3190 ed
1051 3153 1121 3192 esso

317 3220 413 3279 Amor
429 3241 515 3280 nasce
529 3219 563 3278 in
578 3229 622 3278 tre
637 3220 720 3280 modi
735 3219 767 3278 in
781 3229 881 3279 vostro
895 3219 981 3280 limo.

276 3307 299 3367 Ε
320 3309 379 3380 chi,
398 3329 454 3389 per
477 3329 553 3368 esser
572 3329 629 3368 suo
650 3308 729 3368 vicin
751 3329 917 3389 soppresso,

319 3397 413 3478 Spera
432 3398 605 3468 eccellenza,
623 3419 638 3457 e
657 3397 701 3457 sol
719 3418 773 3478 per
791 3407 897 3478 questo
912 3398 1019 3458 brama

280 3487 283 3492 ’
319 3485 374 3546 Ch'
385 3487 410 3546 θ’
422 3485 465 3546 sia
488 3487 519 3547 di
542 3509 596 3548 sua
620 3488 783 3567 grandezza
806 3487 839 3546 in
860 3487 945 3546 basso
966 3509 1075 3550 messo.

564 3624 593 3670 V.
607 3625 702 3672 82-117
