2356 4010
193 203 251 263 182

477 196 618 250 Divina
645 197 862 251 Commodia

310 364 359 423 Ma
378 365 414 422 fu
433 365 531 424 dotto:
550 363 577 422 A
593 385 666 423 man
683 365 781 424 destra
796 385 851 444 per
868 366 898 424 la
914 365 979 425 riva

349 451 417 520 'Con
436 453 486 512 noi
507 454 612 523 venito,
631 475 647 513 e
665 463 810 514 trovereto
828 454 851 512 il
866 475 955 535 passo

349 543 493 618 Possibile
512 565 529 603 a
547 543 619 604 salit
637 564 765 625 persona
782 543 857 604 viva.
912 595 916 623 ,Ι

308 633 332 692 Ε
354 632 376 692 s'
386 633 418 692 io
438 653 500 692 non
522 633 597 693 fossi
617 632 765 714 impedito
785 634 836 694 dal
855 655 961 705 sasso,-

347 721 408 781 Che
424 722 454 782 la
470 723 579 782 cervice
595 723 658 782 mia
673 723 803 804 superba
819 724 920 793 doma,

348 811 433 870 Onde
454 822 558 892 portar
577 811 748 873 oonvionmi
768 811 791 872 il
810 812 874 873 viso
892 813 989 889 basso,

308 899 420 959 Cotesfi
441 901 494 960 che
514 921 604 961 ancor
624 902 699 972 vive,
717 923 733 960 e
752 922 815 964 non
832 901 858 962 si
877 923 979 972 noma,

349 989 514 1049 Guardare'
525 990 567 1060 io,
589 1012 643 1071 per
665 992 753 1050 vador
776 991 798 1050 s’
809 991 839 1051 io
852 991 872 1050 'l
893 1012 1032 1064 conosco,
1081 1005 1086 1010 ’

311 1085 313 1094 ’
347 1078 371 1138 Ε
390 1099 444 1159 per
463 1079 546 1138 farlo
564 1079 680 1160 piotoso
697 1101 715 1138 a
733 1090 839 1160 questa
855 1101 948 1140 soma.

307 1168 342 1228 Io
363 1167 413 1227 fui
432 1167 551 1238 Latino,
571 1190 587 1227 e
606 1178 679 1228 nato
697 1169 780 1229 d'un
797 1189 873 1249 gran
893 1169 1003 1246 Tosoo:

347 1256 522 1337 Gugliolmo
543 1257 787 1318 Aldobrandesco
808 1259 845 1318 fu
868 1259 930 1318 mio
952 1261 1070 1340 padre:

346 1346 417 1406 Non'
434 1367 466 1406 so
486 1368 516 1406 se
536 1346 560 1406 il
578 1367 669 1407 nome
688 1369 744 1407 suo
763 1347 909 1428 giammai
929 1349 967 1408 fu
987 1371 1096 1413 vosco.

304 1435 338 1494 L'
350 1435 450 1496 antico
468 1457 582 1517 sangue
600 1457 615 1496 o
634 1436 654 1496 Γ
665 1458 756 1518 opere
774 1439 946 1519 leggiadre'

344 1526 399 1585 De’
411 1525 484 1586 miei
509 1525 649 1607 maggior
673 1527 718 1587 mi
745 1529 794 1587 fer
819 1533 844 1587 si
868 1539 1041 1610 arrogante,

342 1615 415 1684 Cho,
430 1634 493 1674 non
507 1617 659 1696 pensando
675 1617 734 1678 alla
748 1637 877 1676 comune
892 1619 1006 1688 madro,

304 1704 383 1784 Ogni
402 1725 496 1764 uomo
515 1705 582 1765 ebbi
600 1705 632 1764 in
649 1706 780 1786 dispetto
798 1715 882 1766 tanbo
898 1717 1004 1767 arante

344 1793 399 1852 Ch’
410 1793 441 1853 io
463 1815 501 1853 ne
522 1795 628 1863 mori'3
652 1815 736 1854 corno
757 1794 768 1854 i
790 1795 894 1856 Sanesi
914 1817 1020 1868 sanno,

342 1882 366 1942 E
392 1883 467 1943 sallo
489 1883 523 1942 in
548 1883 784 1966 Campagnatico
809 1885 880 1966 ogni
904 1887 997 1946 fante.

301 1973 336 2030 Io
349 1993 423 2031 sono
437 1972 600 2033 Omborto:
614 1995 631 2032 a
646 1994 707 2032 non
722 1995 798 2053 pure
813 1995 830 2034 a
843 1995 892 2034 me
906 1975 1009 2035 donno

343 2061 491 2143 Superbia
510 2064 554 2132 fa,
573 2063 627 2123 cho
647 2063 717 2122 tutti
735 2062 745 2120 i
763 2062 837 2122 miei
855 2063 986 2123 consorti

341 2151 388 2210 Ha
408 2151 465 2211 olla
485 2151 567 2212 tratti
586 2173 651 2212 seco
669 2151 719 2210 nol
737 2152 890 2212 malanno.

300 2240 324 2299 E
342 2241 396 2321 qui
413 2241 537 2301 convien
555 2241 601 2300 ch'
612 2241 642 2300 io
658 2251 763 2322 questo
779 2263 851 2322 peso
866 2243 948 2326 porti

341 2329 397 2390 Per
415 2330 465 2399 lei,
482 2339 567 2390 tanto
584 2330 638 2390 che
655 2351 672 2390 a
689 2331 747 2391 Dio
763 2330 787 2390 si
803 2331 981 2403 satisfaccia,

339 2419 396 2479 Poi
419 2419 465 2479 oh'
476 2419 506 2479 io
527 2420 580 2480 nol
604 2419 648 2479 fei
671 2420 808 2491 tra'vivi,
829 2421 883 2502 qui
905 2421 959 2481 tra'
972 2425 1081 2485 morti.
1169 2455 1170 2496 3

298 2508 491 2578 Ascoltando,
509 2509 610 2568 chinai
627 2508 660 2569 in
678 2509 777 2591 gisala
794 2510 905 2579 farciam

338 2598 384 2657 Ed
407 2619 449 2657 un
470 2597 501 2657 di
522 2599 570 2658 lor
593 2599 668 2678 (non
689 2601 786 2680 questi
806 2601 859 2660 ohe
879 2601 1016 2682 parlava)

275 2744 277 2748 .
340 2686 371 2744 Si
391 2695 469 2746 torse
488 2697 566 2747 sotto
585 2688 608 2747 il
625 2710 696 2770 poso
714 2689 769 2749 ohe
785 2690 817 2749 lo
834 2688 998 2770 impacoia:

297 2776 321 2836 Ε
339 2775 451 2834 videmi
467 2797 482 2834 e
499 2777 679 2838 conobbemi
695 2799 711 2838 o
726 2778 892 2848 chiamava,

336 2865 477 2925 Tenendo
494 2867 536 2947 gli
554 2868 636 2928 oochi
653 2889 710 2927 con
727 2869 819 2927 fatioa
836 2869 889 2927 fisi

340 2956 365 3012 Α
385 2977 443 3025 me,
463 2957 515 3016 che
535 2967 612 3016 tutto
631 2956 699 3016 chin
717 2979 774 3016 con
791 2957 858 3016 loro
877 2958 998 3018 andava.

297 3044 333 3112 0,
352 3043 423 3104 dissi
440 3044 496 3114 lui,
514 3067 576 3105 non
593 3044 635 3105 sei
653 3055 687 3105 tu
703 3044 830 3115 Odarisi,

336 3132 370 3191 L'
383 3153 458 3193 onor
484 3133 672 3214 d'Agobbio,
697 3155 711 3194 o
736 3135 757 3193 l’
770 3155 846 3194 onor
870 3136 901 3196 di
924 3137 1098 3216 quoll'arte

337 3221 399 3281 Che
422 3222 605 3283 alluminare
628 3224 777 3284 chiamata
799 3227 815 3284 ὲ
837 3223 868 3283 in
891 3224 1013 3284 Parisi‘r‘
1169 3223 1170 3226 ’

296 3310 395 3382 Frabo,
412 3311 482 3372 diss’
494 3313 564 3392 egli,
581 3312 636 3393 pio
653 3313 743 3373 ridon
760 3313 789 3372 lo
806 3324 886 3374 'carto

336 3399 398 3460 Che
420 3401 631 3484 ponnelleggia
652 3403 768 3463 Franco
791 3403 972 3485 Bolognese:

336 3489 369 3548 L’
382 3510 475 3550 onore
495 3495 511 3551 ὁ
531 3501 611 3552 tutto
630 3514 666 3552 or
685 3513 750 3563 suo,
770 3515 786 3553 o
803 3494 868 3553 mio
885 3493 918 3552 in
938 3503 1033 3573 parte.

592 3632 619 3672 V.
634 3631 713 3675 49-84
