<?xml version="1.0" encoding="UTF-8"?>
<!DOCTYPE html PUBLIC "-//W3C//DTD XHTML 1.0 Transitional//EN"
    "http://www.w3.org/TR/xhtml1/DTD/xhtml1-transitional.dtd">
<html xmlns="http://www.w3.org/1999/xhtml" xml:lang="en" lang="en">
 <head>
  <title>
</title>
<meta http-equiv="Content-Type" content="text/html;charset=utf-8" />
  <meta name='ocr-system' content='tesseract 3.04.00' />
  <meta name='ocr-capabilities' content='ocr_page ocr_carea ocr_par ocr_line ocrx_word'/>
</head>
<body>
  <div class='ocr_page' id='page_1' title='image "./dantisalagherii00aliggoog_0283.png"; bbox 0 0 2356 4010; ppageno 0'>
   <div class='ocr_carea' id='block_1_1' title="bbox 168 219 231 280">
    <p class='ocr_par' dir='ltr' id='par_1_1' title="bbox 168 219 231 280">
     <span class='ocr_line' id='line_1_1' title="bbox 168 219 231 280; baseline 0.032 -19"><span class='ocrx_word' id='word_1_1' title='bbox 168 219 231 280; x_wconf 85' lang='lat'><strong>²50</strong></span> 
     </span>
    </p>
   </div>
   <div class='ocr_carea' id='block_1_2' title="bbox 455 195 839 249">
    <p class='ocr_par' dir='ltr' id='par_1_2' title="bbox 455 195 839 249">
     <span class='ocr_line' id='line_1_2' title="bbox 455 195 839 249; baseline 0 -2"><span class='ocrx_word' id='word_1_2' title='bbox 455 196 596 248; x_wconf 81' lang='lat' dir='ltr'><strong>Divina</strong></span> <span class='ocrx_word' id='word_1_3' title='bbox 622 195 839 249; x_wconf 73' lang='lat' dir='ltr'><strong>Commodis</strong></span> 
     </span>
    </p>
   </div>
   <div class='ocr_carea' id='block_1_3' title="bbox 284 362 1055 3566">
    <p class='ocr_par' dir='ltr' id='par_1_3' title="bbox 285 362 933 624">
     <span class='ocr_line' id='line_1_3' title="bbox 285 362 890 444; baseline -0.002 -20"><span class='ocrx_word' id='word_1_4' title='bbox 285 363 420 425; x_wconf 84' lang='lat' dir='ltr'><strong>Giovane</strong></span> <span class='ocrx_word' id='word_1_5' title='bbox 440 384 456 423; x_wconf 91' lang='lat' dir='ltr'><strong>e</strong></span> <span class='ocrx_word' id='word_1_6' title='bbox 474 363 554 424; x_wconf 83' lang='lat' dir='ltr'><strong>bella</strong></span> <span class='ocrx_word' id='word_1_7' title='bbox 573 362 606 424; x_wconf 91' lang='lat' dir='ltr'><strong>in</strong></span> <span class='ocrx_word' id='word_1_8' title='bbox 625 383 719 444; x_wconf 81' lang='lat' dir='ltr'><strong>sogno</strong></span> <span class='ocrx_word' id='word_1_9' title='bbox 737 362 781 422; x_wconf 91' lang='lat' dir='ltr'><strong>rni</strong></span> <span class='ocrx_word' id='word_1_10' title='bbox 799 383 890 443; x_wconf 81' lang='lat' dir='ltr'><strong>parea</strong></span> 
     </span>
     <span class='ocr_line' id='line_1_4' title="bbox 326 453 933 535; baseline 0.002 -22"><span class='ocrx_word' id='word_1_11' title='bbox 326 455 438 514; x_wconf 83' lang='lat' dir='ltr'><strong>Donna</strong></span> <span class='ocrx_word' id='word_1_12' title='bbox 456 453 562 514; x_wconf 79' lang='lat' dir='ltr'>vedere</span> <span class='ocrx_word' id='word_1_13' title='bbox 579 453 673 513; x_wconf 79' lang='lat' dir='ltr'><strong>ander</strong></span> <span class='ocrx_word' id='word_1_14' title='bbox 691 474 745 535; x_wconf 87' lang='lat' dir='ltr'><strong>per</strong></span> <span class='ocrx_word' id='word_1_15' title='bbox 763 473 826 512; x_wconf 82' lang='lat' dir='ltr'><strong>unu</strong></span> <span class='ocrx_word' id='word_1_16' title='bbox 841 453 933 514; x_wconf 80' lang='lat' dir='ltr'><strong>lende</strong></span> 
     </span>
     <span class='ocr_line' id='line_1_5' title="bbox 328 540 927 624; baseline -0.002 -21"><span class='ocrx_word' id='word_1_17' title='bbox 328 542 494 624; x_wconf 78' lang='lat' dir='ltr'><strong>Cogliendo</strong></span> <span class='ocrx_word' id='word_1_18' title='bbox 516 541 602 613; x_wconf 85' lang='lat' dir='ltr'><strong>fiori,</strong></span> <span class='ocrx_word' id='word_1_19' title='bbox 622 563 638 602; x_wconf 88' lang='lat' dir='ltr'><strong>e</strong></span> <span class='ocrx_word' id='word_1_20' title='bbox 659 543 808 603; x_wconf 76' lang='lat' dir='ltr'><strong>cantando</strong></span> <span class='ocrx_word' id='word_1_21' title='bbox 828 540 927 604; x_wconf 83' lang='lat' dir='ltr'><strong>dicea:</strong></span> 
     </span>
    </p>

    <p class='ocr_par' dir='ltr' id='par_1_4' title="bbox 287 631 1030 892">
     <span class='ocr_line' id='line_1_6' title="bbox 287 631 1028 714; baseline -0.001 -21"><span class='ocrx_word' id='word_1_22' title='bbox 287 633 409 713; x_wconf 83' lang='lat' dir='ltr'><strong>Sappia,</strong></span> <span class='ocrx_word' id='word_1_23' title='bbox 429 633 606 714; x_wconf 80' lang='lat' dir='ltr'><strong>qualunque</strong></span> <span class='ocrx_word' id='word_1_24' title='bbox 625 631 650 691; x_wconf 92' lang='lat' dir='ltr'><strong>il</strong></span> <span class='ocrx_word' id='word_1_25' title='bbox 670 631 735 691; x_wconf 89' lang='lat' dir='ltr'><strong>mic</strong></span> <span class='ocrx_word' id='word_1_26' title='bbox 754 651 846 692; x_wconf 87' lang='lat' dir='ltr'><strong>nome</strong></span> <span class='ocrx_word' id='word_1_27' title='bbox 865 633 1028 703; x_wconf 81' lang='lat' dir='ltr'><strong>domanda,</strong></span> 
     </span>
     <span class='ocr_line' id='line_1_7' title="bbox 327 718 1030 792; baseline 0.001 -11"><span class='ocrx_word' id='word_1_28' title='bbox 327 721 382 781; x_wconf 89' lang='lat' dir='ltr'><strong>Ch’</strong></span> <span class='ocrx_word' id='word_1_29' title='bbox 393 721 425 782; x_wconf 91' lang='lat' dir='ltr'><strong>io</strong></span> <span class='ocrx_word' id='word_1_30' title='bbox 442 721 487 782; x_wconf 89' lang='lat' dir='ltr'><strong>mi</strong></span> <span class='ocrx_word' id='word_1_31' title='bbox 504 743 558 782; x_wconf 88' lang='lat' dir='ltr'><strong>son</strong></span> <span class='ocrx_word' id='word_1_32' title='bbox 574 721 640 792; x_wconf 85' lang='lat' dir='ltr'><strong>Lia,</strong></span> <span class='ocrx_word' id='word_1_33' title='bbox 655 742 672 781; x_wconf 89' lang='lat' dir='ltr'><strong>e</strong></span> <span class='ocrx_word' id='word_1_34' title='bbox 688 722 890 781; x_wconf 78' lang='lat' dir='ltr'><strong>removendo</strong></span> <span class='ocrx_word' id='word_1_35' title='bbox 906 718 1030 782; x_wconf 85' lang='lat' dir='ltr'><strong>intorno</strong></span> 
     </span>
     <span class='ocr_line' id='line_1_8' title="bbox 326 810 974 892; baseline 0.005 -23"><span class='ocrx_word' id='word_1_36' title='bbox 326 810 367 871; x_wconf 88' lang='lat' dir='ltr'><strong>Le</strong></span> <span class='ocrx_word' id='word_1_37' title='bbox 384 812 462 872; x_wconf 88' lang='lat' dir='ltr'><strong>belle</strong></span> <span class='ocrx_word' id='word_1_38' title='bbox 479 810 564 870; x_wconf 86' lang='lat' dir='ltr'><strong>mani</strong></span> <span class='ocrx_word' id='word_1_39' title='bbox 580 833 598 871; x_wconf 86' lang='lat' dir='ltr'><strong>a</strong></span> <span class='ocrx_word' id='word_1_40' title='bbox 613 811 709 871; x_wconf 81' lang='lat' dir='ltr'><strong>farmi</strong></span> <span class='ocrx_word' id='word_1_41' title='bbox 726 833 788 871; x_wconf 87' lang='lat' dir='ltr'><strong>una</strong></span> <span class='ocrx_word' id='word_1_42' title='bbox 803 810 974 892; x_wconf 78' lang='lat' dir='ltr'><strong>glrirlanda.</strong></span> 
     </span>
    </p>

    <p class='ocr_par' dir='ltr' id='par_1_5' title="bbox 286 899 1042 1160">
     <span class='ocr_line' id='line_1_9' title="bbox 286 899 1042 982; baseline 0 -21"><span class='ocrx_word' id='word_1_43' title='bbox 286 902 342 961; x_wconf 89' lang='lat' dir='ltr'><strong>Per</strong></span> <span class='ocrx_word' id='word_1_44' title='bbox 364 899 512 982; x_wconf 81' lang='lat' dir='ltr'><strong>piacermi</strong></span> <span class='ocrx_word' id='word_1_45' title='bbox 534 901 596 960; x_wconf 87' lang='lat' dir='ltr'><strong>allo</strong></span> <span class='ocrx_word' id='word_1_46' title='bbox 619 900 757 981; x_wconf 87' lang='lat' dir='ltr'><strong>speechio</strong></span> <span class='ocrx_word' id='word_1_47' title='bbox 778 899 833 981; x_wconf 92' lang='lat' dir='ltr'><strong>qui</strong></span> <span class='ocrx_word' id='word_1_48' title='bbox 854 900 1042 971; x_wconf 78' lang='lat' dir='ltr'><strong>m&#39;edorn03</strong></span> 
     </span>
     <span class='ocr_line' id='line_1_10' title="bbox 327 988 1020 1071; baseline -0.001 -20"><span class='ocrx_word' id='word_1_49' title='bbox 327 991 377 1051; x_wconf 81' lang='lat' dir='ltr'><strong>Me</strong></span> <span class='ocrx_word' id='word_1_50' title='bbox 394 989 457 1050; x_wconf 83' lang='lat' dir='ltr'><strong>mia</strong></span> <span class='ocrx_word' id='word_1_51' title='bbox 475 1011 566 1050; x_wconf 82' lang='lat' dir='ltr'><strong>suora</strong></span> <span class='ocrx_word' id='word_1_52' title='bbox 584 990 696 1051; x_wconf 83' lang='lat' dir='ltr'>Rachel</span> <span class='ocrx_word' id='word_1_53' title='bbox 713 989 776 1050; x_wconf 85' lang='lat' dir='ltr'><strong>mei</strong></span> <span class='ocrx_word' id='word_1_54' title='bbox 794 1010 856 1050; x_wconf 90' lang='lat' dir='ltr'><strong>non</strong></span> <span class='ocrx_word' id='word_1_55' title='bbox 872 988 898 1049; x_wconf 91' lang='lat' dir='ltr'><strong>si</strong></span> <span class='ocrx_word' id='word_1_56' title='bbox 915 1011 1020 1071; x_wconf 81' lang='lat' dir='ltr'><strong>smcga</strong></span> 
     </span>
     <span class='ocr_line' id='line_1_11' title="bbox 324 1078 987 1160; baseline 0 -21"><span class='ocrx_word' id='word_1_57' title='bbox 324 1080 381 1140; x_wconf 83' lang='lat' dir='ltr'><strong>Del</strong></span> <span class='ocrx_word' id='word_1_58' title='bbox 400 1101 453 1140; x_wconf 92' lang='lat' dir='ltr'><strong>suo</strong></span> <span class='ocrx_word' id='word_1_59' title='bbox 470 1079 622 1160; x_wconf 83' lang='lat' dir='ltr'><strong>mireglio,</strong></span> <span class='ocrx_word' id='word_1_60' title='bbox 638 1099 655 1138; x_wconf 86' lang='lat' dir='ltr'><strong>e</strong></span> <span class='ocrx_word' id='word_1_61' title='bbox 672 1079 749 1140; x_wconf 89' lang='lat' dir='ltr'><strong>siede</strong></span> <span class='ocrx_word' id='word_1_62' title='bbox 768 1089 846 1139; x_wconf 88' lang='lat' dir='ltr'><strong>tutto</strong></span> <span class='ocrx_word' id='word_1_63' title='bbox 863 1078 971 1160; x_wconf 83' lang='lat' dir='ltr'>giorno</span> <span class='ocrx_word' id='word_1_64' title='bbox 979 1101 987 1150; x_wconf 93' lang='lat'>;</span> 
     </span>
    </p>

    <p class='ocr_par' dir='ltr' id='par_1_6' title="bbox 285 1168 918 1250">
     <span class='ocr_line' id='line_1_12' title="bbox 285 1168 918 1250; baseline 0.002 -22"><span class='ocrx_word' id='word_1_65' title='bbox 285 1169 372 1229; x_wconf 76' lang='lat' dir='ltr'><strong>Ell&#39;t</strong></span> <span class='ocrx_word' id='word_1_66' title='bbox 391 1168 513 1230; x_wconf 87' lang='lat' dir='ltr'><strong>de’suoi</strong></span> <span class='ocrx_word' id='word_1_67' title='bbox 529 1169 611 1250; x_wconf 77' lang='lat' dir='ltr'><strong>begli</strong></span> <span class='ocrx_word' id='word_1_68' title='bbox 627 1168 712 1229; x_wconf 92' lang='lat' dir='ltr'><strong>occhi</strong></span> <span class='ocrx_word' id='word_1_69' title='bbox 729 1169 817 1229; x_wconf 86' lang='lat' dir='ltr'><strong>veder</strong></span> <span class='ocrx_word' id='word_1_70' title='bbox 833 1190 918 1250; x_wconf 81' lang='lat' dir='ltr'><strong>vege,</strong></span> 
     </span>
    </p>

    <p class='ocr_par' dir='ltr' id='par_1_7' title="bbox 325 1257 982 1430">
     <span class='ocr_line' id='line_1_13' title="bbox 326 1257 970 1328; baseline -0.002 -11"><span class='ocrx_word' id='word_1_71' title='bbox 326 1257 412 1318; x_wconf 87' lang='lat' dir='ltr'><strong>Com’</strong></span> <span class='ocrx_word' id='word_1_72' title='bbox 423 1258 454 1318; x_wconf 92' lang='lat' dir='ltr'><strong>io</strong></span> <span class='ocrx_word' id='word_1_73' title='bbox 471 1258 543 1318; x_wconf 89' lang='lat' dir='ltr'><strong>dell&#39;</strong></span> <span class='ocrx_word' id='word_1_74' title='bbox 555 1258 731 1319; x_wconf 84' lang='lat' dir='ltr'><strong>adornarmi</strong></span> <span class='ocrx_word' id='word_1_75' title='bbox 749 1279 806 1318; x_wconf 91' lang='lat' dir='ltr'><strong>oon</strong></span> <span class='ocrx_word' id='word_1_76' title='bbox 823 1257 852 1318; x_wconf 94' lang='lat' dir='ltr'><strong>le</strong></span> <span class='ocrx_word' id='word_1_77' title='bbox 868 1258 953 1318; x_wconf 81' lang='lat' dir='ltr'><strong>mani</strong></span> <span class='ocrx_word' id='word_1_78' title='bbox 962 1280 970 1328; x_wconf 89' lang='lat'>;</span> 
     </span>
     <span class='ocr_line' id='line_1_14' title="bbox 325 1347 982 1430; baseline 0.003 -23"><span class='ocrx_word' id='word_1_79' title='bbox 325 1347 380 1407; x_wconf 85' lang='lat' dir='ltr'><strong>Lei</strong></span> <span class='ocrx_word' id='word_1_80' title='bbox 401 1348 432 1408; x_wconf 91' lang='lat' dir='ltr'><strong>lo</strong></span> <span class='ocrx_word' id='word_1_81' title='bbox 454 1349 570 1420; x_wconf 85' lang='lat' dir='ltr'><strong>vedere,</strong></span> <span class='ocrx_word' id='word_1_82' title='bbox 589 1369 607 1408; x_wconf 87' lang='lat' dir='ltr'><strong>c</strong></span> <span class='ocrx_word' id='word_1_83' title='bbox 624 1369 674 1410; x_wconf 87' lang='lat' dir='ltr'><strong>me</strong></span> <span class='ocrx_word' id='word_1_84' title='bbox 696 1349 835 1429; x_wconf 84' lang='lat' dir='ltr'><strong>l’oprare</strong></span> <span class='ocrx_word' id='word_1_85' title='bbox 857 1369 982 1430; x_wconf 82' lang='lat' dir='ltr'><strong>appaga.</strong></span> 
     </span>
    </p>

    <p class='ocr_par' dir='ltr' id='par_1_8' title="bbox 287 1435 1015 1697">
     <span class='ocr_line' id='line_1_15' title="bbox 287 1435 903 1519; baseline 0.002 -22"><span class='ocrx_word' id='word_1_86' title='bbox 287 1438 311 1497; x_wconf 83' lang='lat' dir='ltr'>E</span> <span class='ocrx_word' id='word_1_87' title='bbox 331 1435 391 1519; x_wconf 72' lang='lat' dir='ltr'><strong>gil,</strong></span> <span class='ocrx_word' id='word_1_88' title='bbox 410 1459 464 1518; x_wconf 91' lang='lat' dir='ltr'><strong>per</strong></span> <span class='ocrx_word' id='word_1_89' title='bbox 483 1437 526 1517; x_wconf 76' lang='lat' dir='ltr'><strong>gli</strong></span> <span class='ocrx_word' id='word_1_90' title='bbox 545 1437 700 1519; x_wconf 89' lang='lat' dir='ltr'><strong>splendori</strong></span> <span class='ocrx_word' id='word_1_91' title='bbox 719 1436 903 1508; x_wconf 81' lang='lat' dir='ltr'><strong>antelucani,</strong></span> 
     </span>
     <span class='ocr_line' id='line_1_16' title="bbox 325 1526 1009 1609; baseline 0.003 -23"><span class='ocrx_word' id='word_1_92' title='bbox 325 1526 390 1586; x_wconf 73' lang='lat' dir='ltr'><strong>³Che</strong></span> <span class='ocrx_word' id='word_1_93' title='bbox 408 1537 494 1587; x_wconf 82' lang='lat' dir='ltr'><strong>tanto</strong></span> <span class='ocrx_word' id='word_1_94' title='bbox 512 1527 541 1587; x_wconf 87' lang='lat' dir='ltr'><strong>ai</strong></span> <span class='ocrx_word' id='word_1_95' title='bbox 558 1527 701 1608; x_wconf 78' lang='lat' dir='ltr'><strong>peregrin</strong></span> <span class='ocrx_word' id='word_1_96' title='bbox 719 1548 832 1609; x_wconf 78' lang='lat' dir='ltr'><strong>surgon</strong></span> <span class='ocrx_word' id='word_1_97' title='bbox 850 1526 905 1609; x_wconf 82' lang='lat' dir='ltr'><strong>pilr</strong></span> <span class='ocrx_word' id='word_1_98' title='bbox 921 1527 1009 1609; x_wconf 84' lang='lat' dir='ltr'><strong>grati,</strong></span> 
     </span>
     <span class='ocr_line' id='line_1_17' title="bbox 329 1616 1015 1697; baseline 0 -21"><span class='ocrx_word' id='word_1_99' title='bbox 329 1616 451 1693; x_wconf 85' lang='lat' dir='ltr'><strong>Quanto</strong></span> <span class='ocrx_word' id='word_1_100' title='bbox 473 1617 623 1676; x_wconf 62' lang='lat' dir='ltr'><strong>tornando</strong></span> <span class='ocrx_word' id='word_1_101' title='bbox 644 1616 788 1697; x_wconf 68' lang='lat' dir='ltr'><strong>albergas</strong></span> <span class='ocrx_word' id='word_1_102' title='bbox 809 1616 864 1697; x_wconf 86' lang='lat' dir='ltr'><strong>piu</strong></span> <span class='ocrx_word' id='word_1_103' title='bbox 885 1617 1015 1689; x_wconf 85' lang='lat' dir='ltr'><strong>lontani,</strong></span> 
     </span>
    </p>

    <p class='ocr_par' dir='ltr' id='par_1_9' title="bbox 286 1705 888 1787">
     <span class='ocr_line' id='line_1_18' title="bbox 286 1705 888 1787; baseline 0 -21"><span class='ocrx_word' id='word_1_104' title='bbox 286 1705 329 1766; x_wconf 85' lang='lat' dir='ltr'><strong>Le</strong></span> <span class='ocrx_word' id='word_1_105' title='bbox 350 1705 472 1766; x_wconf 84' lang='lat' dir='ltr'><strong>tenebre</strong></span> <span class='ocrx_word' id='word_1_106' title='bbox 492 1705 622 1787; x_wconf 77' lang='lat' dir='ltr'><strong>suggian</strong></span> <span class='ocrx_word' id='word_1_107' title='bbox 643 1706 682 1766; x_wconf 87' lang='lat' dir='ltr'><strong>da</strong></span> <span class='ocrx_word' id='word_1_108' title='bbox 701 1705 773 1766; x_wconf 84' lang='lat' dir='ltr'><strong>tutti</strong></span> <span class='ocrx_word' id='word_1_109' title='bbox 793 1705 888 1778; x_wconf 80' lang='lat' dir='ltr'><strong>ilari,</strong></span> 
     </span>
    </p>

    <p class='ocr_par' dir='ltr' id='par_1_10' title="bbox 324 1794 1046 1966">
     <span class='ocr_line' id='line_1_19' title="bbox 327 1794 1046 1868; baseline 0.001 -14"><span class='ocrx_word' id='word_1_110' title='bbox 327 1796 351 1854; x_wconf 88' lang='lat' dir='ltr'>E</span> <span class='ocrx_word' id='word_1_111' title='bbox 370 1795 393 1854; x_wconf 92' lang='lat' dir='ltr'><strong>il</strong></span> <span class='ocrx_word' id='word_1_112' title='bbox 412 1815 509 1856; x_wconf 89' lang='lat' dir='ltr'><strong>sonno</strong></span> <span class='ocrx_word' id='word_1_113' title='bbox 527 1794 593 1855; x_wconf 89' lang='lat' dir='ltr'><strong>mio</strong></span> <span class='ocrx_word' id='word_1_114' title='bbox 611 1816 667 1855; x_wconf 91' lang='lat' dir='ltr'><strong>con</strong></span> <span class='ocrx_word' id='word_1_115' title='bbox 686 1816 763 1865; x_wconf 90' lang='lat' dir='ltr'><strong>esse;</strong></span> <span class='ocrx_word' id='word_1_116' title='bbox 781 1797 852 1856; x_wconf 29' lang='lat' dir='ltr'><strong>‘ond&#39;</strong></span> <span class='ocrx_word' id='word_1_117' title='bbox 864 1796 894 1855; x_wconf 89' lang='lat' dir='ltr'><strong>io</strong></span> <span class='ocrx_word' id='word_1_118' title='bbox 912 1796 1046 1868; x_wconf 85' lang='lat' dir='ltr'><strong>leve’mi,</strong></span> 
     </span>
     <span class='ocr_line' id='line_1_20' title="bbox 324 1884 942 1966; baseline 0 -20"><span class='ocrx_word' id='word_1_119' title='bbox 324 1884 488 1966; x_wconf 84' lang='lat' dir='ltr'><strong>Veggendo</strong></span> <span class='ocrx_word' id='word_1_120' title='bbox 500 1884 519 1943; x_wconf 90' lang='lat' dir='ltr'><strong>&#39;i</strong></span> <span class='ocrx_word' id='word_1_121' title='bbox 539 1906 613 1966; x_wconf 81' lang='lat' dir='ltr'><strong>gran</strong></span> <span class='ocrx_word' id='word_1_122' title='bbox 632 1885 757 1946; x_wconf 85' lang='lat' dir='ltr'><strong>maestri</strong></span> <span class='ocrx_word' id='word_1_123' title='bbox 776 1884 825 1966; x_wconf 70' lang='lat' dir='ltr'><strong>gie</strong></span> <span class='ocrx_word' id='word_1_124' title='bbox 844 1884 942 1946; x_wconf 80' lang='lat' dir='ltr'><strong>levati.</strong></span> 
     </span>
    </p>

    <p class='ocr_par' dir='ltr' id='par_1_11' title="bbox 286 1973 920 2234">
     <span class='ocr_line' id='line_1_21' title="bbox 286 1973 920 2056; baseline 0.002 -22"><span class='ocrx_word' id='word_1_125' title='bbox 286 1973 364 2051; x_wconf 85' lang='lat' dir='ltr'><strong>Qucl</strong></span> <span class='ocrx_word' id='word_1_126' title='bbox 381 1975 467 2035; x_wconf 84' lang='lat' dir='ltr'><strong>dolce</strong></span> <span class='ocrx_word' id='word_1_127' title='bbox 484 1995 587 2055; x_wconf 90' lang='lat' dir='ltr'><strong>pome,</strong></span> <span class='ocrx_word' id='word_1_128' title='bbox 605 1974 659 2034; x_wconf 87' lang='lat' dir='ltr'><strong>che</strong></span> <span class='ocrx_word' id='word_1_129' title='bbox 676 1996 730 2056; x_wconf 87' lang='lat' dir='ltr'><strong>per</strong></span> <span class='ocrx_word' id='word_1_130' title='bbox 749 1974 825 2034; x_wconf 84' lang='lat' dir='ltr'><strong>tanti</strong></span> <span class='ocrx_word' id='word_1_131' title='bbox 840 1974 920 2035; x_wconf 83' lang='lat' dir='ltr'><strong>rami</strong></span> 
     </span>
     <span class='ocr_line' id='line_1_22' title="bbox 324 2063 904 2136; baseline 0.002 -13"><span class='ocrx_word' id='word_1_132' title='bbox 324 2063 481 2124; x_wconf 77' lang='lat' dir='ltr'><strong>Cercando</strong></span> <span class='ocrx_word' id='word_1_133' title='bbox 502 2085 537 2123; x_wconf 86' lang='lat' dir='ltr'><strong>va</strong></span> <span class='ocrx_word' id='word_1_134' title='bbox 558 2064 587 2124; x_wconf 78' lang='lat' dir='ltr'><strong>le</strong></span> <span class='ocrx_word' id='word_1_135' title='bbox 608 2085 681 2124; x_wconf 86' lang='lat' dir='ltr'><strong>cura</strong></span> <span class='ocrx_word' id='word_1_136' title='bbox 701 2064 749 2124; x_wconf 89' lang='lat' dir='ltr'><strong>dei</strong></span> <span class='ocrx_word' id='word_1_137' title='bbox 769 2065 904 2136; x_wconf 84' lang='lat' dir='ltr'><strong>mortali,</strong></span> 
     </span>
     <span class='ocr_line' id='line_1_23' title="bbox 327 2152 896 2234; baseline -0.004 -20"><span class='ocrx_word' id='word_1_138' title='bbox 327 2152 405 2234; x_wconf 76' lang='lat' dir='ltr'><strong>oggi</strong></span> <span class='ocrx_word' id='word_1_139' title='bbox 425 2155 518 2234; x_wconf 72' lang='lat' dir='ltr'><strong>porri</strong></span> <span class='ocrx_word' id='word_1_140' title='bbox 537 2152 571 2218; x_wconf 84' lang='lat' dir='ltr'><strong>in</strong></span> <span class='ocrx_word' id='word_1_141' title='bbox 592 2174 664 2234; x_wconf 81' lang='lat' dir='ltr'><strong>pace</strong></span> <span class='ocrx_word' id='word_1_142' title='bbox 683 2154 711 2214; x_wconf 90' lang='lat' dir='ltr'><strong>le</strong></span> <span class='ocrx_word' id='word_1_143' title='bbox 731 2162 783 2214; x_wconf 89' lang='lat' dir='ltr'><strong>tue</strong></span> <span class='ocrx_word' id='word_1_144' title='bbox 801 2153 896 2214; x_wconf 81' lang='lat' dir='ltr'><strong>fami:</strong></span> 
     </span>
    </p>

    <p class='ocr_par' dir='ltr' id='par_1_12' title="bbox 289 2240 980 2504">
     <span class='ocr_line' id='line_1_24' title="bbox 289 2240 864 2324; baseline 0.003 -22"><span class='ocrx_word' id='word_1_145' title='bbox 289 2241 418 2324; x_wconf 85' lang='lat' dir='ltr'><strong>Virgilio</strong></span> <span class='ocrx_word' id='word_1_146' title='bbox 439 2240 557 2302; x_wconf 88' lang='lat' dir='ltr'><strong>inverso</strong></span> <span class='ocrx_word' id='word_1_147' title='bbox 577 2263 627 2302; x_wconf 89' lang='lat' dir='ltr'><strong>me</strong></span> <span class='ocrx_word' id='word_1_148' title='bbox 648 2252 754 2324; x_wconf 79' lang='lat' dir='ltr'><strong>queste</strong></span> <span class='ocrx_word' id='word_1_149' title='bbox 773 2243 864 2304; x_wconf 82' lang='lat' dir='ltr'><strong>cotali</strong></span> 
     </span>
     <span class='ocr_line' id='line_1_25' title="bbox 316 2332 964 2403; baseline -0.006 -6"><span class='ocrx_word' id='word_1_150' title='bbox 316 2333 435 2397; x_wconf 79' lang='lat' dir='ltr'><strong>.Parole</strong></span> <span class='ocrx_word' id='word_1_151' title='bbox 456 2335 523 2403; x_wconf 83' lang='lat' dir='ltr'><strong>usd,</strong></span> <span class='ocrx_word' id='word_1_152' title='bbox 541 2353 559 2392; x_wconf 87' lang='lat' dir='ltr'><strong>c</strong></span> <span class='ocrx_word' id='word_1_153' title='bbox 577 2332 640 2393; x_wconf 83' lang='lat' dir='ltr'><strong>mai</strong></span> <span class='ocrx_word' id='word_1_154' title='bbox 662 2353 724 2392; x_wconf 92' lang='lat' dir='ltr'><strong>non</strong></span> <span class='ocrx_word' id='word_1_155' title='bbox 748 2333 822 2393; x_wconf 81' lang='lat' dir='ltr'><strong>furo</strong></span> <span class='ocrx_word' id='word_1_156' title='bbox 843 2342 964 2394; x_wconf 80' lang='lat' dir='ltr'><strong>strenue</strong></span> 
     </span>
     <span class='ocr_line' id='line_1_26' title="bbox 326 2421 980 2504; baseline 0 -23"><span class='ocrx_word' id='word_1_157' title='bbox 326 2422 389 2481; x_wconf 89' lang='lat' dir='ltr'><strong>Che</strong></span> <span class='ocrx_word' id='word_1_158' title='bbox 406 2423 503 2482; x_wconf 83' lang='lat' dir='ltr'><strong>fosser</strong></span> <span class='ocrx_word' id='word_1_159' title='bbox 519 2421 552 2481; x_wconf 91' lang='lat' dir='ltr'><strong>di</strong></span> <span class='ocrx_word' id='word_1_160' title='bbox 569 2421 688 2504; x_wconf 84' lang='lat' dir='ltr'><strong>piacere</strong></span> <span class='ocrx_word' id='word_1_161' title='bbox 708 2444 725 2482; x_wconf 85' lang='lat' dir='ltr'>a</span> <span class='ocrx_word' id='word_1_162' title='bbox 743 2431 846 2504; x_wconf 85' lang='lat' dir='ltr'><strong>queste</strong></span> <span class='ocrx_word' id='word_1_163' title='bbox 863 2422 980 2504; x_wconf 45' lang='lat' dir='ltr'><strong>egualis</strong></span> 
     </span>
    </p>

    <p class='ocr_par' dir='ltr' id='par_1_13' title="bbox 285 2511 942 2772">
     <span class='ocr_line' id='line_1_27' title="bbox 285 2511 870 2593; baseline 0.003 -23"><span class='ocrx_word' id='word_1_164' title='bbox 285 2511 383 2571; x_wconf 87' lang='lat' dir='ltr'><strong>Tanto</strong></span> <span class='ocrx_word' id='word_1_165' title='bbox 402 2513 484 2572; x_wconf 85' lang='lat' dir='ltr'><strong>voler</strong></span> <span class='ocrx_word' id='word_1_166' title='bbox 502 2531 591 2593; x_wconf 81' lang='lat' dir='ltr'><strong>sopra</strong></span> <span class='ocrx_word' id='word_1_167' title='bbox 611 2513 694 2572; x_wconf 85' lang='lat' dir='ltr'><strong>voler</strong></span> <span class='ocrx_word' id='word_1_168' title='bbox 711 2511 756 2572; x_wconf 87' lang='lat' dir='ltr'><strong>mi</strong></span> <span class='ocrx_word' id='word_1_169' title='bbox 775 2533 870 2572; x_wconf 87' lang='lat' dir='ltr'><strong>venne</strong></span> 
     </span>
     <span class='ocr_line' id='line_1_28' title="bbox 323 2600 933 2683; baseline 0.002 -23"><span class='ocrx_word' id='word_1_170' title='bbox 323 2600 403 2660; x_wconf 89' lang='lat' dir='ltr'><strong>Dell&#39;</strong></span> <span class='ocrx_word' id='word_1_171' title='bbox 414 2621 494 2661; x_wconf 86' lang='lat' dir='ltr'><strong>esser</strong></span> <span class='ocrx_word' id='word_1_172' title='bbox 510 2623 557 2671; x_wconf 91' lang='lat' dir='ltr'><strong>su,</strong></span> <span class='ocrx_word' id='word_1_173' title='bbox 573 2601 621 2661; x_wconf 86' lang='lat' dir='ltr'><strong>ch&#39;</strong></span> <span class='ocrx_word' id='word_1_174' title='bbox 633 2600 670 2661; x_wconf 85' lang='lat' dir='ltr'><strong>ad</strong></span> <span class='ocrx_word' id='word_1_175' title='bbox 687 2601 760 2682; x_wconf 82' lang='lat' dir='ltr'><strong>ogni</strong></span> <span class='ocrx_word' id='word_1_176' title='bbox 776 2621 864 2682; x_wconf 81' lang='lat' dir='ltr'><strong>passo</strong></span> <span class='ocrx_word' id='word_1_177' title='bbox 879 2602 933 2683; x_wconf 89' lang='lat' dir='ltr'><strong>poi</strong></span> 
     </span>
     <span class='ocr_line' id='line_1_29' title="bbox 324 2689 942 2772; baseline 0.002 -22"><span class='ocrx_word' id='word_1_178' title='bbox 324 2691 364 2750; x_wconf 81' lang='lat' dir='ltr'><strong>Al</strong></span> <span class='ocrx_word' id='word_1_179' title='bbox 384 2691 454 2750; x_wconf 73' lang='lat' dir='ltr'><strong>nolo</strong></span> <span class='ocrx_word' id='word_1_180' title='bbox 472 2689 518 2750; x_wconf 86' lang='lat' dir='ltr'><strong>mi</strong></span> <span class='ocrx_word' id='word_1_181' title='bbox 538 2690 636 2751; x_wconf 85' lang='lat' dir='ltr'><strong>sentia</strong></span> <span class='ocrx_word' id='word_1_182' title='bbox 655 2711 768 2751; x_wconf 89' lang='lat' dir='ltr'><strong>crescer</strong></span> <span class='ocrx_word' id='word_1_183' title='bbox 788 2690 817 2750; x_wconf 92' lang='lat' dir='ltr'><strong>le</strong></span> <span class='ocrx_word' id='word_1_184' title='bbox 835 2712 942 2772; x_wconf 89' lang='lat' dir='ltr'><strong>penne.</strong></span> 
     </span>
    </p>

    <p class='ocr_par' dir='ltr' id='par_1_14' title="bbox 286 2778 1033 3039">
     <span class='ocr_line' id='line_1_30' title="bbox 286 2778 791 2842; baseline -0.002 -2"><span class='ocrx_word' id='word_1_185' title='bbox 286 2778 380 2840; x_wconf 86' lang='lat' dir='ltr'><strong>Come</strong></span> <span class='ocrx_word' id='word_1_186' title='bbox 398 2779 430 2839; x_wconf 78' lang='lat' dir='ltr'><strong>la</strong></span> <span class='ocrx_word' id='word_1_187' title='bbox 446 2781 525 2841; x_wconf 84' lang='lat' dir='ltr'><strong>scale</strong></span> <span class='ocrx_word' id='word_1_188' title='bbox 536 2790 624 2842; x_wconf 62' lang='lat' dir='ltr'><strong>,tutte</strong></span> <span class='ocrx_word' id='word_1_189' title='bbox 641 2789 720 2840; x_wconf 84' lang='lat' dir='ltr'><strong>sotto</strong></span> <span class='ocrx_word' id='word_1_190' title='bbox 737 2778 791 2840; x_wconf 92' lang='lat' dir='ltr'><strong>noi</strong></span> 
     </span>
     <span class='ocr_line' id='line_1_31' title="bbox 322 2867 1033 2951; baseline 0.006 -23"><span class='ocrx_word' id='word_1_191' title='bbox 322 2870 369 2928; x_wconf 92' lang='lat' dir='ltr'><strong>Fu</strong></span> <span class='ocrx_word' id='word_1_192' title='bbox 380 2889 476 2939; x_wconf 81' lang='lat' dir='ltr'><strong>corsa,</strong></span> <span class='ocrx_word' id='word_1_193' title='bbox 490 2869 642 2930; x_wconf 76' lang='lat' dir='ltr'><strong>efummo</strong></span> <span class='ocrx_word' id='word_1_194' title='bbox 653 2867 687 2928; x_wconf 89' lang='lat' dir='ltr'><strong>in</strong></span> <span class='ocrx_word' id='word_1_195' title='bbox 700 2889 736 2928; x_wconf 92' lang='lat' dir='ltr'><strong>su</strong></span> <span class='ocrx_word' id='word_1_196' title='bbox 748 2867 772 2928; x_wconf 92' lang='lat' dir='ltr'><strong>il</strong></span> <span class='ocrx_word' id='word_1_197' title='bbox 783 2869 877 2950; x_wconf 82' lang='lat' dir='ltr'><strong>grado</strong></span> <span class='ocrx_word' id='word_1_198' title='bbox 889 2891 1033 2951; x_wconf 87' lang='lat' dir='ltr'><strong>superno,</strong></span> 
     </span>
     <span class='ocr_line' id='line_1_32' title="bbox 324 2956 930 3039; baseline 0.002 -22"><span class='ocrx_word' id='word_1_199' title='bbox 324 2958 361 3018; x_wconf 92' lang='lat' dir='ltr'><strong>In</strong></span> <span class='ocrx_word' id='word_1_200' title='bbox 378 2980 428 3018; x_wconf 91' lang='lat' dir='ltr'><strong>me</strong></span> <span class='ocrx_word' id='word_1_201' title='bbox 445 2958 525 3020; x_wconf 82' lang='lat' dir='ltr'><strong>ficcd</strong></span> <span class='ocrx_word' id='word_1_202' title='bbox 542 2956 675 3039; x_wconf 82' lang='lat' dir='ltr'><strong>Virgilio</strong></span> <span class='ocrx_word' id='word_1_203' title='bbox 691 2958 735 3039; x_wconf 82' lang='lat' dir='ltr'><strong>gli</strong></span> <span class='ocrx_word' id='word_1_204' title='bbox 751 2958 836 3020; x_wconf 92' lang='lat' dir='ltr'><strong>occhi</strong></span> <span class='ocrx_word' id='word_1_205' title='bbox 852 2959 930 3031; x_wconf 87' lang='lat' dir='ltr'><strong>suoi,</strong></span> 
     </span>
    </p>

    <p class='ocr_par' dir='ltr' id='par_1_15' title="bbox 285 3047 1055 3310">
     <span class='ocr_line' id='line_1_33' title="bbox 285 3047 937 3129; baseline 0.002 -21"><span class='ocrx_word' id='word_1_206' title='bbox 285 3049 309 3108; x_wconf 88' lang='grc' dir='ltr'>Ε</span> <span class='ocrx_word' id='word_1_207' title='bbox 330 3048 424 3109; x_wconf 88' lang='lat' dir='ltr'><strong>disse:</strong></span> <span class='ocrx_word' id='word_1_208' title='bbox 444 3048 475 3108; x_wconf 93' lang='lat' dir='ltr'><strong>Il</strong></span> <span class='ocrx_word' id='word_1_209' title='bbox 493 3047 644 3129; x_wconf 82' lang='lat' dir='ltr'><strong>temporal</strong></span> <span class='ocrx_word' id='word_1_210' title='bbox 663 3049 735 3109; x_wconf 82' lang='lat' dir='ltr'><strong>foco</strong></span> <span class='ocrx_word' id='word_1_211' title='bbox 754 3069 771 3109; x_wconf 90' lang='lat' dir='ltr'><strong>e</strong></span> <span class='ocrx_word' id='word_1_212' title='bbox 789 3049 810 3108; x_wconf 91' lang='lat' dir='ltr'><strong>l’</strong></span> <span class='ocrx_word' id='word_1_213' title='bbox 822 3059 937 3110; x_wconf 83' lang='lat' dir='ltr'><strong>eterno</strong></span> 
     </span>
     <span class='ocr_line' id='line_1_34' title="bbox 325 3133 1055 3221; baseline 0.003 -23"><span class='ocrx_word' id='word_1_214' title='bbox 325 3139 446 3199; x_wconf 84' lang='lat' dir='ltr'><strong>Veduto</strong></span> <span class='ocrx_word' id='word_1_215' title='bbox 469 3137 532 3208; x_wconf 85' lang='lat' dir='ltr'><strong>hei,</strong></span> <span class='ocrx_word' id='word_1_216' title='bbox 555 3136 657 3218; x_wconf 81' lang='lat' dir='ltr'><strong>figlio,</strong></span> <span class='ocrx_word' id='word_1_217' title='bbox 676 3159 693 3197; x_wconf 89' lang='lat' dir='ltr'><strong>e</strong></span> <span class='ocrx_word' id='word_1_218' title='bbox 711 3136 753 3198; x_wconf 82' lang='lat' dir='ltr'><strong>sci</strong></span> <span class='ocrx_word' id='word_1_219' title='bbox 777 3148 890 3198; x_wconf 86' lang='lat' dir='ltr'><strong>venuto</strong></span> <span class='ocrx_word' id='word_1_220' title='bbox 911 3139 945 3200; x_wconf 90' lang='lat' dir='ltr'><strong>in</strong></span> <span class='ocrx_word' id='word_1_221' title='bbox 967 3133 1055 3221; x_wconf 81' lang='lat' dir='ltr'><strong>perte</strong></span> 
     </span>
     <span class='ocr_line' id='line_1_35' title="bbox 324 3226 996 3310; baseline 0.004 -24"><span class='ocrx_word' id='word_1_222' title='bbox 324 3226 401 3287; x_wconf 86' lang='lat' dir='ltr'><strong>Dcv’</strong></span> <span class='ocrx_word' id='word_1_223' title='bbox 412 3227 442 3288; x_wconf 93' lang='lat' dir='ltr'><strong>io</strong></span> <span class='ocrx_word' id='word_1_224' title='bbox 460 3249 515 3310; x_wconf 90' lang='lat' dir='ltr'><strong>per</strong></span> <span class='ocrx_word' id='word_1_225' title='bbox 532 3247 582 3287; x_wconf 88' lang='lat' dir='ltr'><strong>me</strong></span> <span class='ocrx_word' id='word_1_226' title='bbox 601 3226 656 3309; x_wconf 80' lang='lat' dir='ltr'><strong>piu</strong></span> <span class='ocrx_word' id='word_1_227' title='bbox 673 3229 752 3288; x_wconf 87' lang='lat' dir='ltr'><strong>oltre</strong></span> <span class='ocrx_word' id='word_1_228' title='bbox 769 3247 833 3288; x_wconf 90' lang='lat' dir='ltr'><strong>non</strong></span> <span class='ocrx_word' id='word_1_229' title='bbox 850 3227 996 3290; x_wconf 86' lang='lat' dir='ltr'><strong>discerno.</strong></span> 
     </span>
    </p>

    <p class='ocr_par' dir='ltr' id='par_1_16' title="bbox 284 3315 1015 3566">
     <span class='ocr_line' id='line_1_36' title="bbox 284 3315 995 3398; baseline 0.007 -24"><span class='ocrx_word' id='word_1_230' title='bbox 284 3315 389 3377; x_wconf 83' lang='lat' dir='ltr'><strong>Tratto</strong></span> <span class='ocrx_word' id='word_1_231' title='bbox 410 3316 430 3376; x_wconf 84' lang='lat' dir='ltr'><strong>t&#39;</strong></span> <span class='ocrx_word' id='word_1_232' title='bbox 440 3317 481 3377; x_wconf 94' lang='lat' dir='ltr'><strong>ho</strong></span> <span class='ocrx_word' id='word_1_233' title='bbox 500 3316 555 3398; x_wconf 91' lang='lat' dir='ltr'><strong>qui</strong></span> <span class='ocrx_word' id='word_1_234' title='bbox 575 3337 631 3378; x_wconf 90' lang='lat' dir='ltr'><strong>con</strong></span> <span class='ocrx_word' id='word_1_235' title='bbox 652 3316 785 3398; x_wconf 76' lang='lat' dir='ltr'><strong>ingegno</strong></span> <span class='ocrx_word' id='word_1_236' title='bbox 803 3339 820 3377; x_wconf 89' lang='lat' dir='ltr'><strong>e</strong></span> <span class='ocrx_word' id='word_1_237' title='bbox 839 3338 895 3379; x_wconf 88' lang='lat' dir='ltr'><strong>con</strong></span> <span class='ocrx_word' id='word_1_238' title='bbox 913 3326 995 3388; x_wconf 78' lang='lat' dir='ltr'><strong>crte3</strong></span> 
     </span>
     <span class='ocr_line' id='line_1_37' title="bbox 320 3404 971 3488; baseline 0.002 -23"><span class='ocrx_word' id='word_1_239' title='bbox 320 3404 366 3466; x_wconf 88' lang='lat' dir='ltr'><strong>Lo</strong></span> <span class='ocrx_word' id='word_1_240' title='bbox 382 3416 436 3466; x_wconf 89' lang='lat' dir='ltr'><strong>tuo</strong></span> <span class='ocrx_word' id='word_1_241' title='bbox 451 3406 571 3487; x_wconf 81' lang='lat' dir='ltr'><strong>piacere</strong></span> <span class='ocrx_word' id='word_1_242' title='bbox 586 3405 669 3468; x_wconf 80' lang='lat' dir='ltr'><strong>omei</strong></span> <span class='ocrx_word' id='word_1_243' title='bbox 684 3405 794 3488; x_wconf 89' lang='lat' dir='ltr'><strong>prendi</strong></span> <span class='ocrx_word' id='word_1_244' title='bbox 809 3427 863 3487; x_wconf 89' lang='lat' dir='ltr'><strong>per</strong></span> <span class='ocrx_word' id='word_1_245' title='bbox 879 3406 971 3467; x_wconf 89' lang='lat' dir='ltr'><strong>duce:</strong></span> 
     </span>
     <span class='ocr_line' id='line_1_38' title="bbox 320 3495 1015 3566; baseline 0.003 -12"><span class='ocrx_word' id='word_1_246' title='bbox 320 3495 402 3555; x_wconf 91' lang='lat' dir='ltr'><strong>Fuor</strong></span> <span class='ocrx_word' id='word_1_247' title='bbox 420 3496 460 3555; x_wconf 86' lang='lat' dir='ltr'><strong>sei</strong></span> <span class='ocrx_word' id='word_1_248' title='bbox 478 3497 548 3557; x_wconf 86' lang='lat' dir='ltr'><strong>dell’</strong></span> <span class='ocrx_word' id='word_1_249' title='bbox 560 3506 623 3558; x_wconf 81' lang='lat' dir='ltr'><strong>erte</strong></span> <span class='ocrx_word' id='word_1_250' title='bbox 640 3495 695 3566; x_wconf 86' lang='lat' dir='ltr'><strong>vie,</strong></span> <span class='ocrx_word' id='word_1_251' title='bbox 712 3497 786 3557; x_wconf 86' lang='lat' dir='ltr'><strong>fuor</strong></span> <span class='ocrx_word' id='word_1_252' title='bbox 803 3496 844 3556; x_wconf 83' lang='lat' dir='ltr'><strong>sei</strong></span> <span class='ocrx_word' id='word_1_253' title='bbox 860 3495 1015 3556; x_wconf 82' lang='lat' dir='ltr'><strong>dell’arte.</strong></span> 
     </span>
    </p>
   </div>
   <div class='ocr_carea' id='block_1_4' title="bbox 570 3635 707 3682">
    <p class='ocr_par' dir='ltr' id='par_1_17' title="bbox 570 3635 707 3682">
     <span class='ocr_line' id='line_1_39' title="bbox 570 3635 707 3682; baseline 0.007 -3"><span class='ocrx_word' id='word_1_254' title='bbox 570 3637 599 3682; x_wconf 91' lang='lat' dir='ltr'><strong>V.</strong></span> <span class='ocrx_word' id='word_1_255' title='bbox 613 3635 707 3680; x_wconf 76' lang='lat'>97-132</span> 
     </span>
    </p>
   </div>
   <div class='ocr_carea' id='block_1_5' title="bbox 0 0 1182 4010">
    <p class='ocr_par' dir='ltr' id='par_1_18' title="bbox 0 0 1182 4010">
     <span class='ocr_line' id='line_1_40' title="bbox 0 0 1182 4010; baseline 0 0"><span class='ocrx_word' id='word_1_256' title='bbox 0 0 1182 4010; x_wconf 95' lang='lat' dir='ltr'><strong> </strong></span> 
     </span>
    </p>
   </div>
  </div>
 </body>
</html>
