2354 4016
148 183 314 236 Inferna
333 183 452 238 Canto
471 185 857 239 Ventesimosattimo
922 210 978 270 107

143 348 213 409 Cosi
234 370 287 430 per
309 370 372 409 non
394 370 462 410 aver
485 349 531 410 via
552 354 591 412 na
613 352 743 422 forame,

182 439 239 497 Dal
257 437 409 520 principio
425 439 475 499 nal
493 440 574 509 foca,
592 440 625 500 in
641 462 695 500 suo
712 441 886 524 linguaggio

183 527 215 587 Si
236 525 428 589 convertivan
450 529 478 588 le
500 530 604 610 parole
626 551 738 610 grume.

139 618 191 676 Ma
209 617 309 698 poscia
328 618 373 677 ch’
384 618 475 678 ebber
494 618 574 679 colto
593 620 641 678 lor
661 619 776 702 viaggio

161 706 224 782 ‚Su
239 728 293 788 per
308 707 337 766 la
352 717 459 788 punta,
475 708 603 768 dandole
618 709 689 789 quel
703 709 807 791 guizzo

181 795 243 856 Che
261 797 332 856 dato
349 817 419 857 avea
436 797 466 856 la
483 797 587 878 lingua
605 797 637 857 in
654 799 701 858 lor
718 800 883 881 passaggio,

141 885 288 946 Udimmo
305 886 385 946 dire:
403 886 429 947 0
446 897 488 956 tu,
506 909 523 946 a
539 887 587 946 cui
603 887 633 947 io
650 888 750 947 drizzo

180 973 224 1034 La
248 994 328 1045 voce,
345 994 360 1033 e
378 974 430 1035 che
456 975 571 1056 parlavi
595 996 647 1036 mo
674 975 858 1049 Lombardo,

181 1064 332 1125 Dicendo:
354 1064 411 1124 issa
433 1075 483 1126 ten
504 1086 548 1134 va,
570 1065 625 1146 piu
645 1086 707 1126 non
728 1066 878 1127 t‘adizzo:

138 1152 286 1214 Perch’io
306 1152 349 1214 sia
371 1153 478 1234 giunto
501 1155 583 1214 forse
607 1155 750 1236 alquanto
772 1156 869 1226 tardo,

179 1243 247 1302 Non
271 1242 292 1302 t’
304 1242 434 1304 incresca
458 1252 568 1312 restare
586 1265 602 1303 a
618 1245 720 1324 parlar
745 1265 846 1306 meno:

177 1332 254 1392 Vedi
275 1332 328 1393 che
350 1353 412 1393 non
434 1332 564 1393 incresca
580 1354 598 1393 a
614 1355 673 1404 me,
695 1333 733 1394 ad
753 1335 836 1394 ardo.

138 1421 176 1482 Se
194 1431 228 1481 tu
245 1444 303 1503 pur
320 1443 372 1482 mo
389 1423 421 1482 in
438 1432 543 1503 questo
559 1423 674 1483 mondo
690 1422 769 1484 cieco

178 1510 297 1571 Caduto
316 1511 357 1572 sei
377 1512 408 1571 di
428 1511 529 1593 quella
548 1512 633 1573 dolce
653 1523 733 1573 terra

178 1600 296 1670 Latina,
312 1601 382 1662 ond'
394 1601 424 1662 io
439 1601 502 1663 mia
516 1602 603 1682 colpa
620 1612 697 1663 tutta
712 1624 789 1674 reco,

139 1689 257 1750 Dimmi
273 1690 327 1750 sai
344 1691 546 1771 Romagnuoli
563 1693 621 1779 han
639 1713 708 1771 paee
724 1713 742 1750 ο
757 1713 881 1772 guerra;

177 1778 825 1841 OEnffifflmmumssffim

177 1869 200 1927 E
217 1867 239 1926 il
255 1868 343 1948 giogo
360 1867 391 1926 di
407 1867 460 1927 che
472 1867 492 1926 ’l
508 1867 600 1928 Tever
616 1869 640 1928 si
655 1868 791 1929 disserta.

137 1959 172 2017 Io
187 1979 239 2017 era
257 1955 375 2037 ingiuso
394 1979 503 2018 ancora
521 1966 636 2018 attento
653 1980 668 2018 a
685 1958 785 2029 chin0‚

176 2047 304 2124 Quando
320 2046 342 2105 il
358 2045 421 2106 mio
437 2046 521 2108 Duca
537 2047 581 2107 mi
597 2052 681 2109 tenta
696 2049 727 2108 di
741 2059 832 2119 costa,

176 2135 326 2196 Dicendo:
349 2136 438 2196 Parla
462 2146 506 2206 tu,
530 2137 627 2217 questi
644 2140 660 2198 ὸ
676 2137 794 2198 Latine.

136 2226 181 2286 Ed
199 2226 230 2285 io
249 2226 294 2285 ch’
306 2247 376 2285 avea
396 2225 444 2306 gia
463 2236 575 2306 pronta
592 2227 622 2286 la
642 2226 779 2308 risposta,

175 2314 269 2375 Sanaa
290 2314 416 2396 indugio
433 2337 449 2375 a
466 2316 584 2396 parlare
605 2314 815 2378 incominciai:

174 2405 199 2464 Ο
220 2404 331 2473 anima,
350 2404 403 2464 che
423 2404 575 2486 se'laggiu
594 2416 739 2475 nascosta‚

135 2495 291 2575 Romagna
310 2504 361 2554 tua
377 2489 441 2572 ¹non
459 2497 485 2562 a,
501 2514 517 2552 e
533 2516 596 2554 non
614 2495 652 2554 fu
669 2495 742 2565 mai,

174 2583 268 2643 Senza
289 2604 397 2664 guerra
418 2583 527 2642 ne'cor
549 2583 594 2642 de’
606 2584 672 2644 suoi
695 2583 824 2654 tiranni3

172 2673 223 2732 Ma
243 2671 272 2731 ’n
291 2672 389 2753 palesa
409 2693 536 2732 nessuna
557 2692 590 2731 or
610 2673 639 2731 vi
657 2672 768 2733 lasciai.

134 2762 275 2823 Ravenna
290 2770 345 2831 sta,
360 2781 445 2822 come
461 2771 535 2822 stata
552 2765 567 2822 ὲ
583 2762 673 2821 molti
688 2762 776 2823 anni:

173 2850 207 2910 L'
219 2850 336 2930 acquila
357 2851 394 2911 da
413 2850 541 2911 Polenta
560 2852 589 2912 la
609 2851 635 2911 si
654 2873 737 2923 cova,

173 2940 206 2999 si
229 2939 282 2999 che
305 2940 410 3000 Cervia
435 2940 551 3021 ricopre
575 2941 619 3000 co'
631 2941 698 3001 suoi
720 2941 819 3004 vanni.

134 3029 175 3088 La
194 3039 274 3089 terra
292 3030 343 3089 che
363 3029 403 3090 fe’
415 3029 463 3110 gia
480 3031 510 3090 la
527 3030 619 3111 lunga
637 3051 741 3112 prona,

172 3118 196 3177 E
219 3117 264 3177 de’
277 3117 453 3178 Franceschi
475 3119 656 3200 sanguinoso
678 3120 830 3191 mucchio,

172 3207 259 3266 Sotto
275 3207 303 3265 le
319 3206 447 3267 brancha
464 3208 547 3267 verda'
563 3209 587 3268 si
603 3208 724 3270 ritrova.

134 3295 159 3356 ll
182 3295 293 3356 Maslin
319 3296 447 3365 vecchi0‚
466 3296 524 3356 eil
549 3318 649 3358 nuovo
675 3299 712 3358 da
735 3299 930 3372 Verrucchio,

172 3385 234 3445 Che
254 3386 337 3445 fecer
356 3384 387 3444 di
405 3386 569 3466 Montagna
589 3387 611 3447 il
631 3388 693 3447 mal
713 3409 854 3469 governo,

172 3475 216 3534 La
232 3476 308 3536 dove
327 3475 452 3555 soglion‚
470 3477 526 3536 fan
545 3477 590 3537 de'
602 3477 685 3538 denti
703 3478 834 3539 succhio.

426 3613 455 3656 V.
471 3614 551 3656 13-48
