2378 4008
238 136 424 189 Paradiso
448 134 566 189 Canto
589 134 911 188 Ventasimonono
984 150 1046 213 397

212 302 279 364 Non
299 300 327 361 vi
348 301 372 361 si
392 322 485 381 pansa
505 310 620 381 quanto
640 319 751 380 sangue
770 308 851 359 costa

253 389 423 452 Scnfinarla
440 391 489 450 nel
507 391 631 460 mondo,
649 410 664 449 e
681 398 796 470 quanto
813 387 897 468 piace

253 480 308 540 Chi
329 480 512 541 umilmcntc
533 501 589 540 con
610 501 672 540 essa
693 478 715 538 s’
726 487 850 539 accessa.

212 572 270 631 Per
293 591 421 652 apparet
443 570 563 631 ciascun
585 569 759 650 s'ingcgna,
782 588 797 627 e
820 568 886 627 face

254 660 314 720 Sue
334 659 516 731 invensioni,
537 680 553 719 e
572 659 673 741 quella
693 678 746 718 son
767 667 911 718 trascorse

253 749 311 809 Dai
331 749 509 831 predicanti,
531 769 546 808 c
566 749 588 808 il
609 747 754 828 Vangelio
774 745 799 807 si
819 756 891 806 tace.

213 839 263 900 Un
280 838 345 900 dice
364 839 418 900 che
434 838 464 899 la
481 838 556 898 luna
573 837 597 897 si
615 837 722 898 ritorsc

251 928 337 989 Nalla
357 928 476 1011 passion
497 927 528 989 di
549 927 687 1002 CRISTO,
708 947 724 985 a
744 925 938 1006 s’intcrposa,

253 1018 311 1078 Par
328 1019 381 1079 che
398 1017 420 1076 il
437 1017 521 1077 lumc
537 1016 585 1077 dal
602 1016 646 1076 sol
662 1015 715 1097 gin
730 1036 792 1093 non
808 1014 834 1075 si
850 1035 953 1096 porse3

212 1107 258 1168 Ed
275 1107 345 1167 altri
364 1108 417 1167 cha
434 1107 463 1166 la
479 1106 547 1167 lucc
564 1105 589 1166 si
604 1126 725 1166 nascosa

253 1197 300 1257 Da
315 1200 361 1266 εὸς
377 1200 452 1277 perc
467 1195 523 1277 agl*
539 1195 642 1276 ispani
657 1195 694 1255 ed
709 1193 767 1276 agl’
783 1193 863 1264 Indi,

255 1285 340 1347 Com’
353 1286 378 1346 a’
391 1285 511 1355 Giudei‚
534 1286 592 1345 talc
614 1283 709 1344 cclissi
729 1283 851 1364 rispose.

214 1377 281 1436 Non
296 1376 335 1436 ha
350 1375 496 1436 Fiorenza
510 1373 587 1434 tanti
601 1373 678 1455 Lapi
692 1394 709 1432 a
723 1373 823 1442 Bindi,

254 1466 375 1543 Quanta
395 1469 420 1525 si
441 1465 517 1525 satta
538 1464 638 1525 favole
658 1484 712 1544 par
732 1482 814 1523 anno

254 1556 291 1614 In
305 1576 452 1637 pergamo
467 1553 492 1614 si
507 1549 614 1636 giidan
629 1552 733 1635 quinci
748 1573 764 1611 c
779 1548 886 1633 quindi
895 1573 903 1620 ;

215 1644 247 1706 Si
263 1645 317 1705 che
333 1644 362 1704 le
378 1644 537 1726 pacorelle,
554 1643 607 1704 chc
623 1663 684 1702 non
701 1663 806 1712 sanno,

254 1734 376 1794 Tornan
393 1733 443 1794 dal
460 1752 548 1814 pasco
563 1730 699 1813 pasciutc
716 1731 747 1790 di
764 1739 862 1799 vento,

255 1823 279 1882 E
295 1843 357 1882 non
372 1821 400 1882 le
415 1842 498 1882 seusa
513 1841 574 1880 non
590 1821 678 1880 vader
693 1819 741 1879 lor
756 1819 864 1879 danna.

221 1913 287 1982 Non
306 1911 383 1972 disse
401 1909 532 1970 CRISTO
556 1909 585 1969 al
602 1930 657 1969 suo
674 1909 776 1991 primo
792 1918 955 1969 convento:

254 2001 383 2070 Andatc,
402 2021 419 2060 c
438 1998 588 2080 predicate
606 1998 634 2059 al
654 1999 768 2059 mondo
787 1997 898 2068 cianca,

255 2091 305 2151 Ma
329 2089 415 2151 diade
438 2088 486 2149 lor
509 2109 609 2149 verace
631 2089 849 2157 fondament0;

215 2181 240 2242 E
255 2179 328 2263 quel
345 2189 430 2240 tanto
446 2181 520 2240 sonb
535 2177 614 2238 nelle
631 2199 684 2238 sue
699 2199 822 2258 guancc,

258 2270 289 2331 Si
308 2269 382 2331 ch’a
402 2289 531 2350 pugnam
550 2289 605 2348 pcr
625 2268 767 2328 accendar
786 2267 816 2327 la
834 2267 914 2337 iada,

256 2359 335 2420 Dell’
346 2357 510 2439 Evangelio
535 2357 604 2417 fero
631 2357 723 2417 scudo
747 2377 763 2415 e
789 2355 882 2416 lance.

166 2513 168 2517 ,
217 2449 277 2511 Ora
294 2448 318 2510 si
335 2469 371 2509 va
387 2468 443 2508 con
460 2446 549 2507 motti
567 2467 582 2506 e
599 2467 655 2506 con
671 2445 768 2505 iscedc

150 2539 162 2548 ‘
256 2540 282 2599 Α
300 2536 466 2620 predicare,
485 2558 500 2595 e
518 2557 577 2616 pur
596 2535 649 2596 che
667 2534 725 2594 ben
743 2533 767 2596 si
785 2533 861 2604 rida,

256 2626 372 2688 Gonfia
385 2625 409 2686 il
423 2624 596 2708 cappuccio,
612 2625 695 2705 epia
708 2645 770 2683 non
784 2623 807 2683 si
821 2623 961 2685 richicda.

217 2718 266 2778 Ma
285 2717 344 2778 talc
364 2715 447 2777 uccel
466 2714 516 2775 nel
534 2714 687 2774 banchetto
706 2713 727 2773 s’
739 2712 860 2782 annida,

258 2806 320 2867 Che
341 2826 370 2866 sc
391 2804 414 2864 il
434 2804 528 2886 vulgo.
545 2803 568 2862 il
589 2804 715 2871 vedessa,
735 2802 897 2862 vedcrcbbc

257 2894 300 2956 La
317 2895 508 2977 perdonanza
526 2893 556 2953 di
573 2893 626 2953 chc
643 2892 667 2952 si
684 2890 825 2960 confida3

217 2987 275 3046 Par
292 2984 341 3046 cui
360 2993 442 3045 tanta
458 2981 587 3043 stoltizia
604 2981 635 3041 in
653 2992 732 3042 terra
749 2980 864 3052 crcbbc,

260 3075 330 3144 Che,
350 3094 436 3134 senza
455 3093 548 3153 prova
567 3071 595 3130 d'
607 3071 697 3131 alcun
716 3069 899 3141 testimonio,

257 3163 305 3223 Ad
329 3162 400 3243 ogni
425 3159 607 3245 promission
631 3161 655 3220 si
680 3161 888 3220 converrebbe.

218 3253 257 3313 Di
280 3262 386 3333 questo
409 3251 542 3332 ingrassa
563 3250 587 3309 il
609 3270 700 3331 porco
723 3249 798 3309 sant'
809 3249 953 3318 Antonio,

257 3341 303 3402 Ed
320 3340 390 3402 altri
406 3361 507 3411 anaor,
524 3340 578 3400 cha
595 3360 648 3399 son
665 3339 739 3399 assai
755 3338 811 3420 piis
825 3337 919 3419 porci,

257 3430 398 3513 Pagandc
420 3430 450 3490 di
471 3439 591 3489 moneta
612 3450 698 3488 senza
718 3428 815 3489 conio.

460 3601 462 3607 Α
512 3569 540 3611 V.
556 3569 650 3612 91-123
